<?xml version="1.0" encoding="UTF-8"?>
<!DOCTYPE html PUBLIC "-//W3C//DTD XHTML 1.0 Transitional//EN"
    "http://www.w3.org/TR/xhtml1/DTD/xhtml1-transitional.dtd">
<html xmlns="http://www.w3.org/1999/xhtml" xml:lang="en" lang="en">
 <head>
  <title>
</title>
<meta http-equiv="Content-Type" content="text/html;charset=utf-8" />
  <meta name='ocr-system' content='tesseract 3.04.00' />
  <meta name='ocr-capabilities' content='ocr_page ocr_carea ocr_par ocr_line ocrx_word'/>
</head>
<body>
  <div class='ocr_page' id='page_1' title='image "./depseudophocyli00zanogoog_0039.png"; bbox 0 0 2961 4616; ppageno 0'>
   <div class='ocr_carea' id='block_1_1' title="bbox 278 319 2333 1051">
    <p class='ocr_par' dir='ltr' id='par_1_1' title="bbox 278 319 2333 1051">
     <span class='ocr_line' id='line_1_1' title="bbox 1173 319 1455 377; baseline 0 -16"><span class='ocrx_word' id='word_1_1' title='bbox 1173 319 1240 361; x_wconf 81' lang='grc'>-·</span> <span class='ocrx_word' id='word_1_2' title='bbox 1279 323 1348 377; x_wconf 85' lang='lat'>35</span> <span class='ocrx_word' id='word_1_3' title='bbox 1389 354 1455 361; x_wconf 79' lang='grc'>-.</span> 
     </span>
     <span class='ocr_line' id='line_1_2' title="bbox 278 431 2332 516; baseline -0.001 -17"><span class='ocrx_word' id='word_1_4' title='bbox 278 435 625 499; x_wconf 73' lang='lat' dir='ltr'>Isocratem</span> <span class='ocrx_word' id='word_1_5' title='bbox 670 433 861 516; x_wconf 85' lang='lat' dir='ltr'>(Orat.</span> <span class='ocrx_word' id='word_1_6' title='bbox 909 434 989 497; x_wconf 89' lang='lat' dir='ltr'>ad</span> <span class='ocrx_word' id='word_1_7' title='bbox 1034 432 1239 513; x_wconf 90' lang='lat' dir='ltr'>Dem.)</span> <span class='ocrx_word' id='word_1_8' title='bbox 1292 431 1474 503; x_wconf 85' lang='grc' dir='ltr'><strong><em>«τοὺς</em></strong></span> <span class='ocrx_word' id='word_1_9' title='bbox 1502 431 1622 515; x_wconf 73' lang='grc' dir='ltr'>μὲν</span> <span class='ocrx_word' id='word_1_10' title='bbox 1667 431 1863 502; x_wconf 87' lang='grc' dir='ltr'><strong><em>θεοὺς</em></strong></span> <span class='ocrx_word' id='word_1_11' title='bbox 1909 433 2141 515; x_wconf 83' lang='grc' dir='ltr'><strong><em>φοβοῦ,</em></strong></span> <span class='ocrx_word' id='word_1_12' title='bbox 2183 433 2332 503; x_wconf 84' lang='grc' dir='ltr'><strong><em>τούς</em></strong></span> 
     </span>
     <span class='ocr_line' id='line_1_3' title="bbox 283 538 2333 625; baseline -0.002 -18"><span class='ocrx_word' id='word_1_13' title='bbox 283 543 355 607; x_wconf 87' lang='grc' dir='ltr'>δε</span> <span class='ocrx_word' id='word_1_14' title='bbox 401 548 603 625; x_wconf 80' lang='grc' dir='ltr'><em>γονεῖς</em></span> <span class='ocrx_word' id='word_1_15' title='bbox 646 542 809 625; x_wconf 86' lang='grc' dir='ltr'><strong><em>τίμα.</em></strong></span> <span class='ocrx_word' id='word_1_16' title='bbox 856 579 942 586; x_wconf 88' lang='grc'><strong>-</strong></span> <span class='ocrx_word' id='word_1_17' title='bbox 988 540 1262 624; x_wconf 84' lang='lat' dir='ltr'>Reperio</span> <span class='ocrx_word' id='word_1_18' title='bbox 1325 541 1390 602; x_wconf 92' lang='lat' dir='ltr'>in</span> <span class='ocrx_word' id='word_1_19' title='bbox 1439 538 1712 603; x_wconf 79' lang='lat' dir='ltr'>Hesiodi</span> <span class='ocrx_word' id='word_1_20' title='bbox 1758 539 2130 622; x_wconf 77' lang='lat' dir='ltr'>Theogonia</span> <span class='ocrx_word' id='word_1_21' title='bbox 2185 542 2333 618; x_wconf 77' lang='lat' dir='ltr'>(vss</span> 
     </span>
     <span class='ocr_line' id='line_1_4' title="bbox 282 650 702 731; baseline -0.002 -19"><span class='ocrx_word' id='word_1_22' title='bbox 282 651 413 712; x_wconf 93' lang='grc'>226</span> <span class='ocrx_word' id='word_1_23' title='bbox 463 650 702 731; x_wconf 89' lang='lat' dir='ltr'>seqq.):</span> 
     </span>
     <span class='ocr_line' id='line_1_5' title="bbox 506 754 2112 838; baseline -0.001 -20"><span class='ocrx_word' id='word_1_24' title='bbox 506 755 721 837; x_wconf 80' lang='grc' dir='ltr'><em>Αὐτὰρ</em></span> <span class='ocrx_word' id='word_1_25' title='bbox 755 755 929 838; x_wconf 82' lang='grc' dir='ltr'><strong><em>’Ἐρις</em></strong></span> <span class='ocrx_word' id='word_1_26' title='bbox 975 755 1239 838; x_wconf 83' lang='grc' dir='ltr'><strong><em>στυγερὴ</em></strong></span> <span class='ocrx_word' id='word_1_27' title='bbox 1287 756 1425 819; x_wconf 85' lang='grc' dir='ltr'><strong><em>τέκε</em></strong></span> <span class='ocrx_word' id='word_1_28' title='bbox 1469 754 1590 838; x_wconf 84' lang='grc' dir='ltr'>μὲν</span> <span class='ocrx_word' id='word_1_29' title='bbox 1637 804 2112 818; x_wconf 91' lang='grc'><strong>............</strong></span> 
     </span>
     <span class='ocr_line' id='line_1_6' title="bbox 499 861 2247 945; baseline -0.001 -19"><span class='ocrx_word' id='word_1_30' title='bbox 499 861 740 945; x_wconf 80' lang='grc' dir='ltr'><strong><em>’Ὅρκον</em></strong></span> <span class='ocrx_word' id='word_1_31' title='bbox 786 862 902 925; x_wconf 82' lang='grc' dir='ltr'>θ’ὅ</span> <span class='ocrx_word' id='word_1_32' title='bbox 945 862 1023 944; x_wconf 88' lang='grc' dir='ltr'>δὴ</span> <span class='ocrx_word' id='word_1_33' title='bbox 1069 862 1354 925; x_wconf 87' lang='grc' dir='ltr'><strong><em>πλεῖστον</em></strong></span> <span class='ocrx_word' id='word_1_34' title='bbox 1400 862 1805 945; x_wconf 68' lang='grc' dir='ltr'><strong><em>ἐπιχθονίους</em></strong></span> <span class='ocrx_word' id='word_1_35' title='bbox 1852 862 2247 942; x_wconf 74' lang='grc' dir='ltr'><strong><em>ἀνθρώπους</em></strong></span> 
     </span>
     <span class='ocr_line' id='line_1_7' title="bbox 508 968 2243 1051; baseline 0 -19"><span class='ocrx_word' id='word_1_36' title='bbox 508 971 810 1051; x_wconf 82' lang='grc' dir='ltr'><strong><em>πεμαίνει,</em></strong></span> <span class='ocrx_word' id='word_1_37' title='bbox 859 970 960 1033; x_wconf 87' lang='grc' dir='ltr'>ὅτε</span> <span class='ocrx_word' id='word_1_38' title='bbox 1005 970 1117 1033; x_wconf 85' lang='grc' dir='ltr'>κέν</span> <span class='ocrx_word' id='word_1_39' title='bbox 1160 994 1248 1039; x_wconf 88' lang='grc' dir='ltr'>τις</span> <span class='ocrx_word' id='word_1_40' title='bbox 1293 970 1465 1034; x_wconf 81' lang='grc' dir='ltr'><strong><em>ἑκὼν</em></strong></span> <span class='ocrx_word' id='word_1_41' title='bbox 1511 970 1812 1051; x_wconf 79' lang='grc' dir='ltr'><strong><em>ἐπίορκον</em></strong></span> <span class='ocrx_word' id='word_1_42' title='bbox 1860 968 2108 1051; x_wconf 86' lang='grc' dir='ltr'>ὀμόσσῃ</span> <span class='ocrx_word' id='word_1_43' title='bbox 2159 1006 2243 1014; x_wconf 94' lang='lat'>—-</span> 
     </span>
    </p>
   </div>
   <div class='ocr_carea' id='block_1_2' title="bbox 166 1076 2334 1160">
    <p class='ocr_par' dir='ltr' id='par_1_2' title="bbox 166 1076 2334 1160">
     <span class='ocr_line' id='line_1_8' title="bbox 166 1076 2334 1160; baseline -0 -21"><span class='ocrx_word' id='word_1_44' title='bbox 166 1121 182 1131; x_wconf 86' lang='lat'>-</span> <span class='ocrx_word' id='word_1_45' title='bbox 283 1096 448 1158; x_wconf 83' lang='lat' dir='ltr'>quae</span> <span class='ocrx_word' id='word_1_46' title='bbox 496 1078 732 1160; x_wconf 86' lang='lat' dir='ltr'>optimo</span> <span class='ocrx_word' id='word_1_47' title='bbox 780 1077 920 1139; x_wconf 90' lang='lat' dir='ltr'>iure</span> <span class='ocrx_word' id='word_1_48' title='bbox 970 1076 1360 1140; x_wconf 84' lang='lat' dir='ltr'>conferenda</span> <span class='ocrx_word' id='word_1_49' title='bbox 1390 1082 1542 1139; x_wconf 91' lang='lat' dir='ltr'>sunt</span> <span class='ocrx_word' id='word_1_50' title='bbox 1574 1096 1724 1140; x_wconf 90' lang='lat' dir='ltr'>cum</span> <span class='ocrx_word' id='word_1_51' title='bbox 1772 1096 1890 1139; x_wconf 91' lang='lat' dir='ltr'>vss.</span> <span class='ocrx_word' id='word_1_52' title='bbox 1945 1077 2095 1139; x_wconf 84' lang='lat'>16-7</span> <span class='ocrx_word' id='word_1_53' title='bbox 2134 1076 2334 1139; x_wconf 91' lang='lat' dir='ltr'>Pseu-</span> 
     </span>
    </p>
   </div>
   <div class='ocr_carea' id='block_1_3' title="bbox 281 1183 2335 2987">
    <p class='ocr_par' dir='ltr' id='par_1_3' title="bbox 281 1183 2335 2987">
     <span class='ocr_line' id='line_1_9' title="bbox 282 1183 2334 1267; baseline 0 -22"><span class='ocrx_word' id='word_1_54' title='bbox 282 1183 467 1266; x_wconf 91' lang='lat' dir='ltr'>doph.</span> <span class='ocrx_word' id='word_1_55' title='bbox 514 1184 686 1247; x_wconf 87' lang='lat' dir='ltr'>inter</span> <span class='ocrx_word' id='word_1_56' title='bbox 728 1184 965 1267; x_wconf 87' lang='lat' dir='ltr'>Peripli</span> <span class='ocrx_word' id='word_1_57' title='bbox 1028 1183 1250 1266; x_wconf 84' lang='lat' dir='ltr'><strong>fragm.</strong></span> <span class='ocrx_word' id='word_1_58' title='bbox 1314 1188 1596 1248; x_wconf 82' lang='lat' dir='ltr'>incertae</span> <span class='ocrx_word' id='word_1_59' title='bbox 1659 1184 1829 1247; x_wconf 92' lang='lat' dir='ltr'>sedis</span> <span class='ocrx_word' id='word_1_60' title='bbox 1890 1183 2058 1266; x_wconf 83' lang='lat' dir='ltr'>apud</span> <span class='ocrx_word' id='word_1_61' title='bbox 2107 1183 2334 1246; x_wconf 84' lang='lat' dir='ltr'>Eusta-</span> 
     </span>
     <span class='ocr_line' id='line_1_10' title="bbox 284 1289 1738 1373; baseline 0 -21"><span class='ocrx_word' id='word_1_62' title='bbox 284 1291 492 1353; x_wconf 89' lang='lat' dir='ltr'>thium</span> <span class='ocrx_word' id='word_1_63' title='bbox 535 1292 615 1373; x_wconf 89' lang='lat' dir='ltr'>(p.</span> <span class='ocrx_word' id='word_1_64' title='bbox 669 1292 767 1372; x_wconf 89' lang='lat'>13,</span> <span class='ocrx_word' id='word_1_65' title='bbox 801 1292 859 1372; x_wconf 84' lang='lat'>8,</span> <span class='ocrx_word' id='word_1_66' title='bbox 894 1291 934 1353; x_wconf 87' lang='grc'>8</span> <span class='ocrx_word' id='word_1_67' title='bbox 968 1291 1114 1354; x_wconf 91' lang='lat' dir='ltr'>edit.</span> <span class='ocrx_word' id='word_1_68' title='bbox 1156 1289 1388 1372; x_wconf 88' lang='lat' dir='ltr'>Didot),</span> <span class='ocrx_word' id='word_1_69' title='bbox 1436 1292 1738 1354; x_wconf 88' lang='lat' dir='ltr'>invenio:</span> 
     </span>
     <span class='ocr_line' id='line_1_11' title="bbox 543 1398 2144 1483; baseline -0.001 -20"><span class='ocrx_word' id='word_1_70' title='bbox 543 1399 948 1483; x_wconf 66' lang='grc' dir='ltr'><strong><em>’Υπερβασία</em></strong></span> <span class='ocrx_word' id='word_1_71' title='bbox 981 1398 1058 1483; x_wconf 84' lang='grc' dir='ltr'>ἧς</span> <span class='ocrx_word' id='word_1_72' title='bbox 1144 1398 1292 1483; x_wconf 90' lang='grc' dir='ltr'><strong><em>παρ’</em></strong></span> <span class='ocrx_word' id='word_1_73' title='bbox 1334 1398 1618 1483; x_wconf 84' lang='grc' dir='ltr'><strong><em>Ἡσιόδῳ</em></strong></span> <span class='ocrx_word' id='word_1_74' title='bbox 1662 1404 1883 1482; x_wconf 86' lang='grc' dir='ltr'><strong><em>χρῆσις</em></strong></span> <span class='ocrx_word' id='word_1_75' title='bbox 1926 1400 1993 1462; x_wconf 79' lang='grc' dir='ltr'>ἐν</span> <span class='ocrx_word' id='word_1_76' title='bbox 2037 1404 2144 1480; x_wconf 79' lang='grc' dir='ltr'>τῷ·</span> 
     </span>
     <span class='ocr_line' id='line_1_12' title="bbox 1094 1505 1891 1588; baseline -0.003 -18"><span class='ocrx_word' id='word_1_77' title='bbox 1094 1507 1471 1588; x_wconf 79' lang='grc' dir='ltr'><strong><em>ὑπερβασίαι</em></strong></span> <span class='ocrx_word' id='word_1_78' title='bbox 1518 1505 1891 1588; x_wconf 79' lang='grc' dir='ltr'><strong><em>δ”ἀλεγειναί</em></strong></span> 
     </span>
     <span class='ocr_line' id='line_1_13' title="bbox 286 1613 2261 1696; baseline 0 -21"><span class='ocrx_word' id='word_1_79' title='bbox 286 1633 480 1695; x_wconf 84' lang='lat' dir='ltr'>quam</span> <span class='ocrx_word' id='word_1_80' title='bbox 525 1613 917 1676; x_wconf 90' lang='lat' dir='ltr'>locutionem</span> <span class='ocrx_word' id='word_1_81' title='bbox 964 1613 1135 1696; x_wconf 82' lang='lat' dir='ltr'>apud</span> <span class='ocrx_word' id='word_1_82' title='bbox 1180 1613 1541 1696; x_wconf 91' lang='lat' dir='ltr'>Pseudoph.</span> <span class='ocrx_word' id='word_1_83' title='bbox 1591 1613 1807 1676; x_wconf 84' lang='lat' dir='ltr'>videre</span> <span class='ocrx_word' id='word_1_84' title='bbox 1857 1617 1952 1675; x_wconf 91' lang='lat' dir='ltr'>est</span> <span class='ocrx_word' id='word_1_85' title='bbox 1997 1632 2086 1674; x_wconf 79' lang='lat' dir='ltr'>vs,</span> <span class='ocrx_word' id='word_1_86' title='bbox 2136 1613 2261 1676; x_wconf 82' lang='lat'>36:</span> 
     </span>
     <span class='ocr_line' id='line_1_14' title="bbox 568 1720 2046 1805; baseline -0.002 -20"><span class='ocrx_word' id='word_1_87' title='bbox 568 1723 825 1786; x_wconf 88' lang='grc' dir='ltr'><strong><em>πάντων</em></strong></span> <span class='ocrx_word' id='word_1_88' title='bbox 868 1723 1103 1804; x_wconf 85' lang='grc' dir='ltr'><strong><em>μέτρον</em></strong></span> <span class='ocrx_word' id='word_1_89' title='bbox 1147 1721 1417 1805; x_wconf 81' lang='grc' dir='ltr'><strong><em>ἄριστον,</em></strong></span> <span class='ocrx_word' id='word_1_90' title='bbox 1465 1720 1843 1804; x_wconf 80' lang='grc' dir='ltr'><strong><em>ὑπερβασίαι</em></strong></span> <span class='ocrx_word' id='word_1_91' title='bbox 1889 1720 2046 1783; x_wconf 84' lang='grc' dir='ltr'><strong><em>δ’ἇλ.</em></strong></span> 
     </span>
     <span class='ocr_line' id='line_1_15' title="bbox 284 1826 2330 1912; baseline -0.001 -20"><span class='ocrx_word' id='word_1_92' title='bbox 284 1829 496 1906; x_wconf 84' lang='lat' dir='ltr'>Quare</span> <span class='ocrx_word' id='word_1_93' title='bbox 557 1831 850 1912; x_wconf 87' lang='lat' dir='ltr'>suspicor</span> <span class='ocrx_word' id='word_1_94' title='bbox 910 1849 1166 1893; x_wconf 86' lang='lat' dir='ltr'>versum</span> <span class='ocrx_word' id='word_1_95' title='bbox 1223 1831 1547 1911; x_wconf 81' lang='lat' dir='ltr'>integrum</span> <span class='ocrx_word' id='word_1_96' title='bbox 1607 1826 1876 1891; x_wconf 85' lang='lat' dir='ltr'>Hesiodi</span> <span class='ocrx_word' id='word_1_97' title='bbox 1922 1827 2140 1891; x_wconf 84' lang='lat' dir='ltr'>fuisse.</span> <span class='ocrx_word' id='word_1_98' title='bbox 2191 1828 2330 1890; x_wconf 76' lang='lat' dir='ltr'>Vss,</span> 
     </span>
     <span class='ocr_line' id='line_1_16' title="bbox 286 1935 2330 2020; baseline -0.001 -20"><span class='ocrx_word' id='word_1_99' title='bbox 286 1938 392 2019; x_wconf 91' lang='grc'>26,</span> <span class='ocrx_word' id='word_1_100' title='bbox 441 1938 521 2000; x_wconf 83' lang='grc'>27</span> <span class='ocrx_word' id='word_1_101' title='bbox 573 1937 786 2020; x_wconf 86' lang='lat' dir='ltr'>Bergk</span> <span class='ocrx_word' id='word_1_102' title='bbox 833 1936 1082 2000; x_wconf 82' lang='lat' dir='ltr'>confert</span> <span class='ocrx_word' id='word_1_103' title='bbox 1128 1956 1277 1999; x_wconf 93' lang='lat' dir='ltr'>cum</span> <span class='ocrx_word' id='word_1_104' title='bbox 1323 1956 1456 2019; x_wconf 85' lang='lat' dir='ltr'>cap.</span> <span class='ocrx_word' id='word_1_105' title='bbox 1507 1936 1589 1998; x_wconf 88' lang='grc'>29</span> <span class='ocrx_word' id='word_1_106' title='bbox 1638 1936 1829 1999; x_wconf 90' lang='lat' dir='ltr'>Isocr.</span> <span class='ocrx_word' id='word_1_107' title='bbox 1891 1935 1972 1999; x_wconf 81' lang='lat' dir='ltr'>ad</span> <span class='ocrx_word' id='word_1_108' title='bbox 2026 1935 2330 2000; x_wconf 90' lang='lat' dir='ltr'>Demon.:</span> 
     </span>
     <span class='ocr_line' id='line_1_17' title="bbox 288 2041 2335 2130; baseline -0 -23"><span class='ocrx_word' id='word_1_109' title='bbox 288 2043 543 2127; x_wconf 82' lang='grc' dir='ltr'><strong><em>Μηδενὶ</em></strong></span> <span class='ocrx_word' id='word_1_110' title='bbox 591 2044 933 2130; x_wconf 80' lang='grc' dir='ltr'><strong><em>συμφορὰν</em></strong></span> <span class='ocrx_word' id='word_1_111' title='bbox 994 2043 1315 2127; x_wconf 77' lang='grc' dir='ltr'><strong><em>ὀνειδίσῃς,</em></strong></span> <span class='ocrx_word' id='word_1_112' title='bbox 1363 2042 1546 2126; x_wconf 85' lang='grc' dir='ltr'><strong><em>κοινὴ</em></strong></span> <span class='ocrx_word' id='word_1_113' title='bbox 1604 2043 1725 2127; x_wconf 81' lang='grc' dir='ltr'>γὰρ</span> <span class='ocrx_word' id='word_1_114' title='bbox 1787 2045 1826 2126; x_wconf 88' lang='grc' dir='ltr'>ἡ</span> <span class='ocrx_word' id='word_1_115' title='bbox 1888 2044 2041 2127; x_wconf 86' lang='grc' dir='ltr'><strong><em>τύχη</em></strong></span> <span class='ocrx_word' id='word_1_116' title='bbox 2103 2043 2213 2107; x_wconf 85' lang='grc' dir='ltr'>καὶ</span> <span class='ocrx_word' id='word_1_117' title='bbox 2266 2041 2335 2106; x_wconf 87' lang='grc' dir='ltr'>τὸ</span> 
     </span>
     <span class='ocr_line' id='line_1_18' title="bbox 291 2150 2332 2236; baseline -0.001 -20"><span class='ocrx_word' id='word_1_118' title='bbox 291 2152 524 2236; x_wconf 79' lang='grc' dir='ltr'><strong><em>μέλλον</em></strong></span> <span class='ocrx_word' id='word_1_119' title='bbox 570 2151 891 2234; x_wconf 85' lang='grc' dir='ltr'><strong><em>ἀόρατον-,</em></strong></span> <span class='ocrx_word' id='word_1_120' title='bbox 941 2158 1005 2216; x_wconf 92' lang='lat' dir='ltr'>et</span> <span class='ocrx_word' id='word_1_121' title='bbox 1051 2172 1200 2215; x_wconf 90' lang='lat' dir='ltr'>cum</span> <span class='ocrx_word' id='word_1_122' title='bbox 1231 2152 1521 2215; x_wconf 89' lang='lat' dir='ltr'>Philonis</span> <span class='ocrx_word' id='word_1_123' title='bbox 1551 2151 1773 2234; x_wconf 81' lang='lat' dir='ltr'>fragm.</span> <span class='ocrx_word' id='word_1_124' title='bbox 1819 2151 1882 2214; x_wconf 84' lang='grc' dir='ltr'>Τ.</span> <span class='ocrx_word' id='word_1_125' title='bbox 1914 2151 2025 2232; x_wconf 81' lang='lat' dir='ltr'>VI,</span> <span class='ocrx_word' id='word_1_126' title='bbox 2074 2152 2197 2215; x_wconf 85' lang='grc'>207</span> <span class='ocrx_word' id='word_1_127' title='bbox 2237 2150 2332 2214; x_wconf 90' lang='lat' dir='ltr'>ed.</span> 
     </span>
     <span class='ocr_line' id='line_1_19' title="bbox 291 2257 2335 2345; baseline -0 -22"><span class='ocrx_word' id='word_1_128' title='bbox 291 2259 503 2343; x_wconf 83' lang='lat' dir='ltr'>Lips.:</span> <span class='ocrx_word' id='word_1_129' title='bbox 566 2257 820 2343; x_wconf 84' lang='grc' dir='ltr'><strong><em>Μηδενὶ</em></strong></span> <span class='ocrx_word' id='word_1_130' title='bbox 865 2259 1208 2345; x_wconf 84' lang='grc' dir='ltr'><strong><em>συμφορὰν</em></strong></span> <span class='ocrx_word' id='word_1_131' title='bbox 1254 2259 1563 2344; x_wconf 84' lang='grc' dir='ltr'><strong><em>ὀνειδίσῃς</em></strong></span> <span class='ocrx_word' id='word_1_132' title='bbox 1615 2258 1797 2343; x_wconf 87' lang='grc' dir='ltr'><strong><em>κοινὴ</em></strong></span> <span class='ocrx_word' id='word_1_133' title='bbox 1864 2259 1985 2342; x_wconf 81' lang='grc' dir='ltr'>γὰρ</span> <span class='ocrx_word' id='word_1_134' title='bbox 2045 2260 2084 2342; x_wconf 89' lang='grc' dir='ltr'>ἡ</span> <span class='ocrx_word' id='word_1_135' title='bbox 2147 2258 2335 2342; x_wconf 72' lang='grc' dir='ltr'><strong><em>φύσις</em></strong></span> 
     </span>
     <span class='ocr_line' id='line_1_20' title="bbox 283 2368 2331 2452; baseline -0.001 -19"><span class='ocrx_word' id='word_1_136' title='bbox 283 2369 394 2433; x_wconf 86' lang='grc' dir='ltr'>καὶ</span> <span class='ocrx_word' id='word_1_137' title='bbox 437 2368 510 2431; x_wconf 82' lang='grc' dir='ltr'>τὰ</span> <span class='ocrx_word' id='word_1_138' title='bbox 557 2369 808 2433; x_wconf 79' lang='grc' dir='ltr'><strong><em>ἐπιόντα</em></strong></span> <span class='ocrx_word' id='word_1_139' title='bbox 855 2370 1078 2452; x_wconf 82' lang='grc' dir='ltr'><strong><em>ἄδηλα·</em></strong></span> <span class='ocrx_word' id='word_1_140' title='bbox 1124 2371 1370 2452; x_wconf 85' lang='grc' dir='ltr'><strong><em>μήποτε</em></strong></span> <span class='ocrx_word' id='word_1_141' title='bbox 1399 2375 1527 2439; x_wconf 82' lang='grc' dir='ltr'><strong><em>τοῖς</em></strong></span> <span class='ocrx_word' id='word_1_142' title='bbox 1568 2371 1779 2439; x_wconf 86' lang='grc' dir='ltr'><strong><em>αὑτοῖς</em></strong></span> <span class='ocrx_word' id='word_1_143' title='bbox 1824 2368 2014 2438; x_wconf 82' lang='grc' dir='ltr'><strong><em>ἁλοὺς</em></strong></span> <span class='ocrx_word' id='word_1_144' title='bbox 2060 2369 2331 2431; x_wconf 81' lang='grc' dir='ltr'><strong><em>αὐτοκα-</em></strong></span> 
     </span>
     <span class='ocr_line' id='line_1_21' title="bbox 283 2476 2332 2560; baseline -0.001 -20"><span class='ocrx_word' id='word_1_145' title='bbox 283 2477 571 2559; x_wconf 89' lang='grc' dir='ltr'><strong><em>τάκριτος</em></strong></span> <span class='ocrx_word' id='word_1_146' title='bbox 616 2476 684 2540; x_wconf 77' lang='grc' dir='ltr'>ἐν</span> <span class='ocrx_word' id='word_1_147' title='bbox 729 2484 821 2560; x_wconf 78' lang='grc' dir='ltr'>τῷ</span> <span class='ocrx_word' id='word_1_148' title='bbox 865 2476 1178 2541; x_wconf 87' lang='grc' dir='ltr'><strong><em>συνειδότε</em></strong></span> <span class='ocrx_word' id='word_1_149' title='bbox 1223 2478 1512 2560; x_wconf 87' lang='grc' dir='ltr'><strong><em>εὑρεθῇς.</em></strong></span> <span class='ocrx_word' id='word_1_150' title='bbox 1562 2514 1646 2521; x_wconf 91' lang='lat'>——</span> <span class='ocrx_word' id='word_1_151' title='bbox 1694 2476 1883 2540; x_wconf 88' lang='lat' dir='ltr'>Unde</span> <span class='ocrx_word' id='word_1_152' title='bbox 1932 2495 2063 2538; x_wconf 91' lang='lat' dir='ltr'>non</span> <span class='ocrx_word' id='word_1_153' title='bbox 2110 2476 2332 2538; x_wconf 89' lang='lat' dir='ltr'>incon-</span> 
     </span>
     <span class='ocr_line' id='line_1_22' title="bbox 281 2584 2331 2668; baseline -0.001 -20"><span class='ocrx_word' id='word_1_154' title='bbox 281 2585 447 2648; x_wconf 91' lang='lat' dir='ltr'>sulte</span> <span class='ocrx_word' id='word_1_155' title='bbox 493 2590 638 2668; x_wconf 91' lang='lat' dir='ltr'>post</span> <span class='ocrx_word' id='word_1_156' title='bbox 668 2604 928 2648; x_wconf 83' lang='lat' dir='ltr'>versum</span> <span class='ocrx_word' id='word_1_157' title='bbox 975 2586 1059 2648; x_wconf 91' lang='grc'>26</span> <span class='ocrx_word' id='word_1_158' title='bbox 1109 2584 1307 2647; x_wconf 87' lang='lat' dir='ltr'>alium</span> <span class='ocrx_word' id='word_1_159' title='bbox 1339 2584 1744 2647; x_wconf 82' lang='lat' dir='ltr'>intercidisse</span> <span class='ocrx_word' id='word_1_160' title='bbox 1791 2585 2167 2665; x_wconf 82' lang='lat' dir='ltr'>suspicatur,</span> <span class='ocrx_word' id='word_1_161' title='bbox 2204 2602 2331 2664; x_wconf 92' lang='lat' dir='ltr'>quo</span> 
     </span>
     <span class='ocr_line' id='line_1_23' title="bbox 281 2689 2334 2774; baseline -0.001 -20"><span class='ocrx_word' id='word_1_162' title='bbox 281 2692 554 2774; x_wconf 89' lang='lat' dir='ltr'>scriptor</span> <span class='ocrx_word' id='word_1_163' title='bbox 599 2696 867 2773; x_wconf 82' lang='lat' dir='ltr'>caverat,</span> <span class='ocrx_word' id='word_1_164' title='bbox 913 2711 995 2754; x_wconf 91' lang='lat' dir='ltr'>ne</span> <span class='ocrx_word' id='word_1_165' title='bbox 1042 2692 1188 2774; x_wconf 87' lang='lat' dir='ltr'>quis</span> <span class='ocrx_word' id='word_1_166' title='bbox 1235 2691 1413 2754; x_wconf 84' lang='lat' dir='ltr'>alteri</span> <span class='ocrx_word' id='word_1_167' title='bbox 1464 2690 1795 2754; x_wconf 85' lang='lat' dir='ltr'>adversam</span> <span class='ocrx_word' id='word_1_168' title='bbox 1841 2689 2164 2752; x_wconf 83' lang='lat' dir='ltr'>fortunam</span> <span class='ocrx_word' id='word_1_169' title='bbox 2226 2708 2334 2772; x_wconf 90' lang='lat' dir='ltr'>op-</span> 
     </span>
     <span class='ocr_line' id='line_1_24' title="bbox 282 2797 2335 2881; baseline -0.001 -21"><span class='ocrx_word' id='word_1_170' title='bbox 282 2797 538 2881; x_wconf 88' lang='lat' dir='ltr'>probrio</span> <span class='ocrx_word' id='word_1_171' title='bbox 584 2798 908 2861; x_wconf 88' lang='lat' dir='ltr'>tribueret.</span> <span class='ocrx_word' id='word_1_172' title='bbox 968 2797 1107 2860; x_wconf 91' lang='lat' dir='ltr'>Vss.</span> <span class='ocrx_word' id='word_1_173' title='bbox 1166 2798 1270 2878; x_wconf 88' lang='lat'>43,</span> <span class='ocrx_word' id='word_1_174' title='bbox 1331 2797 1417 2857; x_wconf 83' lang='lat'>44</span> <span class='ocrx_word' id='word_1_175' title='bbox 1480 2797 1550 2858; x_wconf 91' lang='lat' dir='ltr'>in</span> <span class='ocrx_word' id='word_1_176' title='bbox 1613 2797 1984 2859; x_wconf 81' lang='lat' dir='ltr'>memoriam</span> <span class='ocrx_word' id='word_1_177' title='bbox 2031 2800 2335 2858; x_wconf 85' lang='lat' dir='ltr'>revocant</span> 
     </span>
     <span class='ocr_line' id='line_1_25' title="bbox 284 2902 2333 2987; baseline -0.001 -21"><span class='ocrx_word' id='word_1_178' title='bbox 284 2923 404 2966; x_wconf 80' lang='lat' dir='ltr'>vss,</span> <span class='ocrx_word' id='word_1_179' title='bbox 474 2904 673 2966; x_wconf 85' lang='grc'>19-24</span> <span class='ocrx_word' id='word_1_180' title='bbox 732 2902 1028 2987; x_wconf 86' lang='grc' dir='ltr'><strong><em>Συμπόσ.</em></strong></span> <span class='ocrx_word' id='word_1_181' title='bbox 1090 2903 1357 2986; x_wconf 85' lang='grc' dir='ltr'><strong><em>ἡμίαμβ.</em></strong></span> <span class='ocrx_word' id='word_1_182' title='bbox 1425 2903 2059 2966; x_wconf 81' lang='lat' dir='ltr'>Pseudo-Anacrent.</span> <span class='ocrx_word' id='word_1_183' title='bbox 2125 2922 2185 2965; x_wconf 93' lang='lat' dir='ltr'>n.</span> <span class='ocrx_word' id='word_1_184' title='bbox 2251 2902 2333 2964; x_wconf 87' lang='lat'>56</span> 
     </span>
    </p>
   </div>
   <div class='ocr_carea' id='block_1_4' title="bbox 172 3008 1870 3110">
    <p class='ocr_par' dir='ltr' id='par_1_4' title="bbox 172 3008 1870 3110">
     <span class='ocr_line' id='line_1_26' title="bbox 172 3008 1870 3110; baseline -0.001 -37"><span class='ocrx_word' id='word_1_185' title='bbox 172 3095 187 3110; x_wconf 78' lang='lat'>.</span> <span class='ocrx_word' id='word_1_186' title='bbox 281 3009 401 3092; x_wconf 92' lang='lat' dir='ltr'>(ed.</span> <span class='ocrx_word' id='word_1_187' title='bbox 451 3010 683 3089; x_wconf 87' lang='lat' dir='ltr'>Crusii)</span> <span class='ocrx_word' id='word_1_188' title='bbox 738 3035 765 3068; x_wconf 88' lang='lat'>«</span> <span class='ocrx_word' id='word_1_189' title='bbox 789 3009 905 3082; x_wconf 82' lang='grc' dir='ltr'>Εἷς</span> <span class='ocrx_word' id='word_1_190' title='bbox 948 3008 1189 3094; x_wconf 85' lang='grc' dir='ltr'><strong><em>χρυσὸν</em></strong></span> <span class='ocrx_word' id='word_1_191' title='bbox 1233 3014 1344 3073; x_wconf 81' lang='grc' dir='ltr'>τοῦ</span> <span class='ocrx_word' id='word_1_192' title='bbox 1393 3010 1588 3073; x_wconf 83' lang='grc' dir='ltr'><strong><em>αὑτοῦ</em></strong></span> <span class='ocrx_word' id='word_1_193' title='bbox 1634 3008 1783 3072; x_wconf 81' lang='grc' dir='ltr'><strong><em>ἄλλο</em></strong></span> <span class='ocrx_word' id='word_1_194' title='bbox 1817 3030 1870 3071; x_wconf 78' lang='lat'>»1</span> 
     </span>
    </p>
   </div>
   <div class='ocr_carea' id='block_1_5' title="bbox 747 3119 1650 3310">
    <p class='ocr_par' dir='ltr' id='par_1_5' title="bbox 747 3119 1650 3310">
     <span class='ocr_line' id='line_1_27' title="bbox 747 3119 1517 3202; baseline 0 -20"><span class='ocrx_word' id='word_1_195' title='bbox 747 3119 1013 3199; x_wconf 77' lang='grc' dir='ltr'><strong><em>Ἀπιστε,</em></strong></span> <span class='ocrx_word' id='word_1_196' title='bbox 1062 3119 1276 3182; x_wconf 80' lang='grc' dir='ltr'><strong><em>ἄπιστε</em></strong></span> <span class='ocrx_word' id='word_1_197' title='bbox 1319 3119 1517 3202; x_wconf 86' lang='grc' dir='ltr'><strong><em>χρυσέ</em></strong></span> 
     </span>
     <span class='ocr_line' id='line_1_28' title="bbox 755 3225 1650 3310; baseline 0 -20"><span class='ocrx_word' id='word_1_198' title='bbox 755 3227 964 3310; x_wconf 86' lang='grc' dir='ltr'><strong><em>μάταν</em></strong></span> <span class='ocrx_word' id='word_1_199' title='bbox 1011 3225 1221 3298; x_wconf 81' lang='grc' dir='ltr'><strong><em>δόλοις</em></strong></span> <span class='ocrx_word' id='word_1_200' title='bbox 1263 3252 1346 3310; x_wconf 88' lang='grc' dir='ltr'>με</span> <span class='ocrx_word' id='word_1_201' title='bbox 1391 3227 1650 3310; x_wconf 76' lang='grc' dir='ltr'><strong><em>θέλγεις.</em></strong></span> 
     </span>
    </p>
   </div>
   <div class='ocr_carea' id='block_1_6' title="bbox 762 3552 1859 3636">
    <p class='ocr_par' dir='ltr' id='par_1_6' title="bbox 762 3552 1859 3636">
     <span class='ocr_line' id='line_1_29' title="bbox 762 3552 1859 3636; baseline -0.004 -18"><span class='ocrx_word' id='word_1_202' title='bbox 762 3554 838 3618; x_wconf 90' lang='grc' dir='ltr'>σὺ</span> <span class='ocrx_word' id='word_1_203' title='bbox 886 3552 1007 3636; x_wconf 79' lang='grc' dir='ltr'>γὰρ</span> <span class='ocrx_word' id='word_1_204' title='bbox 1056 3553 1268 3617; x_wconf 86' lang='grc' dir='ltr'><strong><em>δόλων</em></strong></span> <span class='ocrx_word' id='word_1_205' title='bbox 1318 3553 1395 3616; x_wconf 87' lang='grc' dir='ltr'>σύ</span> <span class='ocrx_word' id='word_1_206' title='bbox 1442 3577 1537 3616; x_wconf 86' lang='grc' dir='ltr'>τοι</span> <span class='ocrx_word' id='word_1_207' title='bbox 1582 3552 1859 3636; x_wconf 82' lang='grc' dir='ltr'><strong><em>φθόνων</em></strong></span> 
     </span>
    </p>
   </div>
   <div class='ocr_carea' id='block_1_7' title="bbox 760 3660 1599 3745">
    <p class='ocr_par' dir='ltr' id='par_1_7' title="bbox 760 3660 1599 3745">
     <span class='ocr_line' id='line_1_30' title="bbox 760 3660 1599 3745; baseline -0.004 -19"><span class='ocrx_word' id='word_1_208' title='bbox 760 3662 936 3745; x_wconf 78' lang='grc' dir='ltr'><strong><em>ἔρωτ’</em></strong></span> <span class='ocrx_word' id='word_1_209' title='bbox 987 3662 1233 3745; x_wconf 79' lang='grc' dir='ltr'><strong><em>ἔθηκας</em></strong></span> <span class='ocrx_word' id='word_1_210' title='bbox 1279 3660 1599 3743; x_wconf 85' lang='grc' dir='ltr'><strong><em>ἀνδράσιν.</em></strong></span> 
     </span>
    </p>
   </div>
   <div class='ocr_carea' id='block_1_8' title="bbox 287 3876 2261 4066">
    <p class='ocr_par' dir='ltr' id='par_1_8' title="bbox 287 3876 2261 4066">
     <span class='ocr_line' id='line_1_31' title="bbox 287 3876 709 3941; baseline 0 -2"><span class='ocrx_word' id='word_1_211' title='bbox 287 3876 532 3941; x_wconf 89' lang='lat' dir='ltr'>Versus</span> <span class='ocrx_word' id='word_1_212' title='bbox 579 3877 663 3939; x_wconf 87' lang='lat'>49</span> <span class='ocrx_word' id='word_1_213' title='bbox 696 3898 709 3939; x_wconf 91' lang='lat'>:</span> 
     </span>
     <span class='ocr_line' id='line_1_32' title="bbox 400 3980 2261 4066; baseline -0.002 -19"><span class='ocrx_word' id='word_1_214' title='bbox 400 3983 554 4066; x_wconf 76' lang='grc' dir='ltr'><strong><em>μηδ’</em></strong></span> <span class='ocrx_word' id='word_1_215' title='bbox 601 3983 695 4054; x_wconf 83' lang='grc' dir='ltr'>ὥς</span> <span class='ocrx_word' id='word_1_216' title='bbox 737 3981 1104 4066; x_wconf 85' lang='grc' dir='ltr'><strong><em>πετροφυὴς</em></strong></span> <span class='ocrx_word' id='word_1_217' title='bbox 1145 3983 1477 4052; x_wconf 85' lang='grc' dir='ltr'><strong><em>πολύπους</em></strong></span> <span class='ocrx_word' id='word_1_218' title='bbox 1521 3980 1682 4045; x_wconf 81' lang='grc' dir='ltr'><strong><em>κατὰ</em></strong></span> <span class='ocrx_word' id='word_1_219' title='bbox 1728 3986 1950 4064; x_wconf 84' lang='grc' dir='ltr'><strong><em>χῶρον</em></strong></span> <span class='ocrx_word' id='word_1_220' title='bbox 1995 3981 2261 4065; x_wconf 84' lang='grc' dir='ltr'><strong><em>ἀμείβου</em></strong></span> 
     </span>
    </p>
   </div>
  </div>
 </body>
</html>
