2961 4616
1468 352 1533 358 -
1575 320 1644 373 34
1683 339 1749 357 -ι,

578 449 876 513 mamque
922 430 1233 493 sermonis
1281 434 1567 511 pacatam
1613 447 1817 511 aeque
1864 448 1939 492 ac
1984 447 2277 492 serenam
2330 428 2638 493 adhiben-

581 541 726 617 tem,
775 537 952 601 velut
996 538 1052 599 si
1096 535 1351 599 facilius
1399 536 1673 599 ethnicis
1734 554 1888 599 suae
1950 535 2427 618 amplectendae
2488 536 2637 600 reli-

577 645 786 727 gionis
831 644 1076 706 aditum
1120 642 1478 725 patefacere
1526 648 1822 725 speraret.
1871 641 2015 723 (Cui
2055 642 2315 724 quidem
2348 643 2636 726 opinioni

577 743 799 814 Ewald
824 770 1079 833 quoque
1110 752 1453 814 assentitur
1485 788 1567 795 --
1603 750 1985 814 Geschichte
2012 750 2124 814 des
2152 750 2390 814 Volkes
2420 749 2635 832 Israel,

579 858 718 921 Vol.
766 857 878 939 VI,
923 877 1061 941 pag.
1103 858 1270 938 374).
1304 858 1392 918 At
1423 860 1643 919 contra
1673 856 1963 937 Bernays
1994 855 2275 918 affirmat
2304 856 2636 938 negligen-

579 966 771 1029 tiores
816 965 858 1027 J
862 963 1099 1027 udaeos
1141 964 1344 1026 fuisse
1389 964 1458 1024 in
1507 963 1780 1026 ethnicis
1826 962 1907 1026 ad
1954 982 2102 1026 suas
2139 968 2349 1046 partes
2382 963 2637 1026 trahen-

580 1074 704 1137 dis:
755 1073 883 1154 sed,
932 1074 986 1135 si
1034 1072 1189 1136 tales
1234 1071 1435 1135 fuisse
1482 1072 1524 1134 J
1531 1071 1764 1135 udaeos
1813 1070 2429 1152 Hierosolymitanos
2485 1090 2637 1134 con-

580 1181 884 1262 cedimuS,
932 1180 1246 1244 eiusmodi
1291 1179 1493 1243 fuisse
1541 1180 1652 1262 qui
1715 1180 1917 1262 sparsi
1978 1178 2294 1259 vivebant,
2353 1179 2635 1241 maxime

579 1309 729 1353 vero
777 1290 1019 1352 ultimis
1065 1292 1211 1352 ante
1259 1287 1368 1352 Ch.
1416 1308 1477 1350 n.
1526 1288 1814 1370 saeculiS,
1860 1307 2120 1371 prorsus
2150 1306 2474 1371 negamus,
2510 1286 2632 1350 Ex.

494 1461 504 1480 Ι
579 1398 796 1479 gratia,
844 1401 1003 1460 teste
1048 1394 1313 1459 Horatio
1366 1395 1586 1477 (Serm.
1641 1396 1690 1475 I,
1752 1397 1812 1476 4,
1880 1395 2162 1477 139-43),
2231 1401 2477 1458 certum
2540 1400 2639 1458 est

578 1503 834 1584 Romae,
883 1522 1027 1585 qUO,
1084 1522 1232 1565 cum
1295 1501 1642 1584 Pompeius
1701 1501 2062 1565 Jerusalem
2122 1501 2635 1585 expugnavisset,

579 1630 810 1693 magna
854 1610 896 1673 J
899 1609 1251 1673 udaeorum
1280 1608 1623 1672 multitudo
1661 1608 1994 1690 confluxit,
2029 1627 2136 1671 eos
2166 1608 2637 1691 proselytorum

579 1718 790 1781 studio
835 1717 1170 1799 flagrasse3
1221 1736 1430 1799 neque
1478 1716 1927 1797 Alexandriae,
1977 1735 2139 1797 quae
2187 1719 2322 1779 erat
2352 1734 2636 1778 commu-

583 1845 662 1889 ne
708 1826 868 1888 illud
916 1825 1266 1889 occidentis
1314 1830 1378 1888 et
1423 1826 1686 1888 orientis
1734 1826 2105 1908 emporium,
2164 1844 2267 1888 res
2329 1825 2514 1888 aliter
2565 1845 2635 1889 se

581 1933 878 1996 habuisse
925 1933 1194 1997 videtur.
1244 1931 1539 1996 Ceterum
1590 1933 1889 1996 eumdem
1935 1934 2002 1995 in
2048 1932 2251 1996 finem
2294 1933 2425 2013 jam
2470 1932 2635 1995 alius

582 2041 624 2104 J
628 2041 888 2122 udaeuS,
920 2060 1119 2123 nepos
1142 2040 1185 2103 J
1189 2059 1299 2103 esu
1326 2040 1450 2103 filii
1483 2040 1721 2122 Sirach,
1748 2044 1821 2103 ut
1842 2041 1979 2123 ipse
2003 2041 2071 2102 in
2098 2059 2220 2102 sua
2241 2039 2635 2123 praefatione

588 2154 869 2230 testatur,
903 2150 1004 2212 avi
1045 2187 1128 2195 -
1161 2148 1415 2233 Σοφίαν
1448 2186 1531 2193 -
1565 2150 1634 2211 in
1679 2168 1981 2231 graecum
2019 2167 2379 2211 sermonem
2412 2149 2632 2211 vertit:

585 2294 666 2303 --
700 2257 794 2330 ὡς
840 2258 917 2322 οὐ
960 2257 1165 2341 μόνον
1211 2256 1439 2329 αὐτοὺς
1485 2256 1630 2329 τοὺς
1676 2257 2266 2341 ἀναγιγνώσκοντας
2299 2256 2446 2322 δέον
2476 2257 2635 2322 ἐστὶν

585 2367 1004 2449 ἐπιστήμονας
1050 2366 1349 2448 γίνεσθαι,
1396 2363 1550 2428 ἀλλὰ
1597 2365 1706 2429 καὶ
1749 2372 1876 2436 τοῖς
1921 2364 2099 2436 ἐκτὸς
2143 2365 2459 2430 ὄύνασθαι
2489 2363 2637 2435 τοὺς

582 2473 1104 2557 φιλομαθοῦντας
1146 2473 1500 2556 χρησίμους
1545 2471 1697 2536 εἶναι
1742 2472 1851 2536 καὶ
1892 2472 2187 2555 λέγοντας
2216 2471 2324 2535 καὶ
2356 2472 2636 2555 γράφον-

583 2605 881 2652 τας......
928 2582 992 2643 in
1044 2581 1223 2644 exitu
1271 2600 1419 2644 vero
1468 2581 1590 2643 ait:
1643 2618 1725 2625 ——
1772 2579 1935 2662 πρὸς
1980 2579 2049 2643 τὸ
2082 2580 2180 2643 ἐπὶ
2208 2580 2411 2662 πέρας
2450 2579 2637 2662 ἄγον-

581 2712 655 2752 τα
701 2688 772 2753 τὸ
816 2689 1059 2771 βιβλίον
1102 2688 1430 2767 ἐκδόσθαι,
1477 2688 1588 2752 καὶ
1631 2695 1758 2759 τοῖς
1802 2689 1869 2752 ἓν
1912 2695 1989 2772 τῇ
2048 2689 2354 2771 παροικίᾳ
2407 2688 2640 2770 βουλοέ

581 2797 801 2880 μένοις
837 2797 1237 2881 φιλομαθεῖν.

1579 2959 1655 3022 V.

762 3103 1052 3185 Cumque
1097 3104 1139 3166 J
1143 3103 1385 3167 udaeus
1432 3103 1769 3167 hellenista
1814 3103 2059 3185 graecis
2092 3101 2458 3164 hominibus
2488 3106 2638 3185 poe-

584 3232 688 3274 ma
733 3212 1092 3293 destinaret,
1139 3232 1265 3274 non
1317 3217 1412 3275 est
1458 3210 1630 3292 quod
1671 3213 1980 3275 miremur
2008 3212 2063 3273 si
2093 3210 2278 3294 plura
2308 3231 2344 3272 a
2376 3209 2638 3273 Graecis

594 3318 1008 3382 celeberrima
1056 3318 1226 3382 dicta
1272 3318 1710 3381 immiscuerit.

773 3426 1013 3490 Eodem
1061 3445 1250 3489 versu
1284 3428 1322 3487 8
1357 3425 1484 3488 duo
1516 3424 1820 3509 Decalogi
1859 3431 2197 3510 praecepta
2229 3425 2641 3488 continentur

585 3533 935 3617 eademque
984 3533 1209 3598 eodem
1255 3533 1477 3596 ordine
1527 3532 1828 3616 disposita
1877 3553 2002 3616 quo
2058 3532 2226 3616 apud
2286 3531 2638 3595 Pindarum

584 3642 770 3724 Pyth.
818 3643 928 3723 VI,
977 3643 1079 3723 23,
1138 3640 1247 3704 ubi
1305 3640 1543 3705 Chiron
1601 3641 1957 3706 Centaurus
2021 3641 2260 3705 Achilli
2323 3640 2637 3723 discipulo

583 3750 923 3833 praecipit:
959 3787 1043 3794 —
1089 3749 1351 3832 μάλιστα
1397 3748 1518 3832 μὲν
1563 3748 1906 3831 Κρονίόαν,
1955 3748 2294 3832 βαρυόπαν
2326 3754 2639 3832 στεροπᾶν

584 3861 920 3940 κεραυνῶν
963 3881 1027 3921 τε
1053 3857 1361 3940 πρύτανιν
1391 3858 1570 3921 θεῶν
1614 3858 1915 3940 σέβεσθαι
1945 3878 1958 3891 ·
1990 3858 2219 3928 ταύτας
2250 3856 2323 3921 ὀέ
2359 3858 2450 3940 μή
2483 3880 2638 3921 ποτε

580 3969 760 4049 τιμᾶς
798 3965 1074 4049 ἀμείρειν
1120 3966 1364 4048 γονέων
1393 3966 1535 4049 βίον
1566 3966 1992 4049 πεπρωμένον
2025 4003 2107 4011 -
2141 3984 2264 4030 nec
2298 3985 2430 4028 non
2465 3964 2635 4051 apud
