2961 4616
1179 358 1242 365 ,-
1284 324 1354 380 49
1394 359 1459 365 -

472 439 681 522 Igitur
725 439 987 501 minime
1050 458 1088 500 a
1154 456 1305 500 vero
1364 436 1555 519 longe
1618 436 1797 500 abest
1853 438 2009 519 quin
2071 436 2354 500 Pseudo·
2401 484 2404 487 .

295 543 689 629 phocylides,
736 543 914 606 felici
962 581 1044 588 —
1092 548 1220 606 τῶν
1250 547 1511 626 χρυσῶν
1535 544 1711 605 ἔπων
1742 580 1824 586 —-
1863 543 2043 605 exitu
2076 543 2142 603 in
2175 561 2353 625 spem

303 656 570 731 erectuS,
618 670 766 713 suas
815 688 898 695 —-
934 651 1197 732 γνώμας
1230 688 1314 695 -—
1362 649 1557 711 simili
1604 650 1885 712 carmine
1936 650 2210 713 ethnicis
2246 649 2355 712 de—

298 759 586 821 dicasset.
634 759 850 839 Atque
897 757 1296 837 affinitatem,
1346 776 1511 837 quae
1557 758 1726 820 inter
1753 761 1961 839 χρυσᾶ
1991 758 2109 838 ἔπη
2146 761 2353 819 exstat

298 871 362 928 et
405 864 1128 947 Pseudophocylideam‚
1174 865 1303 945 jam
1352 869 1602 927 veteres
1650 863 2172 926 animadvertisse
2203 864 2355 926 hinc

295 973 477 1053 argui
524 976 732 1060 potest
778 971 949 1052 quod
995 972 1064 1033 in
1116 970 1365 1033 duobus
1398 971 1728 1033 codicibus
1761 970 2235 1033 Mutinensibus
2266 971 2356 1032 ita

296 1099 554 1143 carmen
601 1078 1218 1161 Pseudophocylidis
1281 1080 1659 1161 inscriptum
1725 1079 1832 1140 sit:
1906 1104 1932 1134 «
1974 1078 2352 1141 Φωκυλίδου

293 1188 540 1270 ποίησις
569 1188 742 1249 πάνυ
775 1187 1113 1267 ὠφέλιμος.
1146 1186 1219 1248 τὰ
1251 1185 1551 1266 λεγόαενα
1585 1186 1834 1267 ἀργυρᾶ
1866 1211 1916 1247 >>.
1963 1222 2042 1229 —-
2067 1184 2344 1267 Ἀργυρά

297 1301 562 1358 vocatur
605 1293 1213 1376 Pseudopocylidea,
1261 1294 1505 1356 ratione
1554 1292 1769 1355 habita
1796 1297 1925 1355 τῶν
1957 1295 2150 1363 ἔπιον,
2185 1311 2348 1373 quae

294 1405 503 1484 χρυσᾶ
546 1399 1001 1462 inscribuntur.
1049 1400 1389 1462 Praeterea
1433 1419 1564 1461 non
1609 1418 1816 1482 pauca
1862 1398 2352 1481 Neoplatonico-

297 1527 459 1588 rum,
509 1525 667 1588 quos
712 1524 904 1588 supra
958 1506 1450 1568 memoravimus
1513 1525 1661 1567 cum
1717 1504 2356 1587 Pseudophccylidea

298 1615 574 1679 conferri
619 1620 917 1697 possunt:
969 1633 1044 1676 ea
1105 1613 1437 1675 dumtaxat
1497 1614 1819 1694 attingam,
1887 1632 2049 1693 quae
2098 1613 2354 1674 maioris

294 1723 456 1784 mihi
501 1722 810 1783 momenti
858 1739 994 1782 esse
1043 1719 1356 1782 videntur.
1404 1719 1523 1782 Ex.
1572 1739 1660 1801 gr.
1704 1719 1892 1782 Polos
1944 1718 2239 1781 Lucanus
2282 1703 2353 1779 in

293 1829 456 1892 libro
511 1852 538 1885 «
570 1827 735 1910 ,Περὶ
781 1827 1184 1910 δικαιοσύνης
1215 1852 1242 1884 >>
1295 1826 1495 1909 (Frag.
1533 1827 1769 1890 Philos,
1810 1826 1950 1888 Vol.
1984 1826 2049 1888 II
2079 1826 2352 1889 Miilach.

294 1938 512 2020 Didot)
551 1939 718 2001 ⁴haee
763 1937 985 2000 habet:
1037 1986 1862 2000 ..............
1912 1937 2183 2018 ἁρμονία
2232 1936 2353 2020 γάρ

289 2048 410 2110 ἕντι
453 2045 562 2109 καὶ
607 2045 822 2127 εἶράνα
868 2043 977 2115 τὰς
1022 2045 1174 2114 ὅλας
1217 2049 1431 2126 ψυχᾶς
1476 2044 1601 2124 μέτ’
1652 2044 1954 2127 εῧρυμίας
2002 2093 2331 2107 ......

299 2154 366 2217 ἕν
400 2153 633 2235 κόσμῳ
661 2151 780 2234 μὲν
811 2149 907 2214 ὧν
930 2149 1086 2213 αὐτὰ
1109 2150 1220 2213 τὰν
1250 2150 1404 2214 ὅλαν
1429 2150 1633 2233 ἀρχὰν
1655 2151 2174 2233 διαστραταγοῒσα
2193 2151 2353 2234 πρό-

297 2260 437 2325 νοιά
479 2284 544 2324 τε
589 2258 697 2322 καὶ
743 2257 1016 2342 ἆρμονὶα
1063 2258 1171 2322 καὶ
1222 2258 1366 2322 δίκα
1417 2259 1527 2322 καὶ
1572 2258 1722 2329 νόος
1766 2257 1929 2329 τινὸς
1975 2259 2152 2322 θεῶν
2185 2259 2351 2323 οὕτω

295 2369 729 2451 ψαφιξαμένω
776 2368 843 2430 ἓν
887 2367 1033 2429 πόλι
1073 2367 1142 2429 δὲ
1187 2367 1401 2448 εἶράνα
1434 2391 1497 2429 τε
1528 2368 1637 2430 καὶ
1660 2368 1919 2449 εὐνομία
1953 2368 2213 2437 δικαίως
2245 2369 2348 2431 κέ-

296 2477 532 2559 κληται.
581 2475 648 2539 ἕν
692 2477 855 2557 οἴκῳ
897 2474 1080 2538 δ’ἒντὶ
1124 2473 1359 2557 ἀνδρὸς
1404 2474 1523 2557 μὲν
1568 2475 1676 2538 καὶ
1724 2474 2022 2557 γυναικὸς
2066 2476 2198 2538 ποτ’
2251 2475 2353 2537 ἄλ-

297 2585 505 2653 λάλως
535 2583 976 2666 ὄμοφροσύνα,
1012 2583 1256 2647 οἷκετᾶν
1289 2582 1358 2647 δὲ
1387 2582 1530 2646 ποτὶ
1578 2582 1885 2652 δεσπότας
1932 2584 2167 2662 εὔνοια,
2217 2582 2353 2646 δεσ-
2418 2660 2423 2666 ¹

299 2695 499 2755 ποτᾶν
532 2690 601 2753 δὲ
631 2689 772 2753 ποτὶ
801 2690 1203 2771 θεράποντας
1233 2690 1584 2772 καδεμονία
1635 2740 1896 2752 .....
1962 2689 2028 2753 ἓν
2075 2689 2144 2752 δὲ
2174 2696 2354 2772 ψυχᾷ

303 2797 493 2878 σοφία
525 2797 567 2860 ἆ
598 2796 668 2860 ἐκ
700 2801 809 2866 τᾶς
839 2797 1181 2878 ἕπιστάμας
1208 2778 1272 2860 τέ
1296 2796 1405 2860 καὶ
1433 2795 1840 2866 δικαιοσύνας
1865 2797 2170 2878 γενομένα
2195 2796 2344 2878 παρ’

304 2903 702 2987 ἁνθρώπσια.
750 2928 811 2966 κ.
860 2929 907 2967 τ.
955 2904 1006 2966 λ.

476 3010 705 3093 Neque
734 3011 917 3074 aliter
947 3011 1596 3094 Pseudophocylich,
1633 3031 1780 3075 cum
1813 3032 1932 3074 vss.
1968 3014 2001 3073 7
2012 3012 2123 3074 0-5
2160 3012 2353 3073 totius

298 3119 584 3181 universi
630 3119 942 3200 ἁρμονίαν
1001 3118 1319 3200 describit,
1383 3138 1673 3200 gressum
1731 3118 1888 3181 facit
1951 3117 2030 3180 ad
2094 3137 2354 3181 concor-

299 3224 469 3288 diam
518 3225 1102 3307 commendandam,
1152 3246 1315 3307 quae
1364 3246 1514 3288 cum
1560 3227 1782 3307 amice,
1817 3226 2063 3308 hospite
2094 3224 2229 3308 (cfr.
2264 3244 2351 3287 VS.

300 3335 409 3416 82)
457 3339 521 3397 et
566 3334 878 3398 creditore
925 3334 1059 3406 (cfr.
1110 3354 1196 3396 VS.
1246 3335 1352 3414 83)
1413 3334 1707 3397 habenda
1763 3339 1874 3416 est,
1930 3333 2010 3395 ad
2066 3333 2356 3395 ordinem

301 3461 428 3523 quo
477 3443 699 3505 civitas
746 3442 1026 3525 regenda
1072 3444 1215 3525 (vss,
1265 3444 1348 3505 80
1399 3448 1462 3505 et
1508 3443 1736 3524 seqq.):
1781 3443 1932 3504 hinc
1966 3440 2182 3503 officia
2214 3459 2354 3522 per-

299 3553 540 3629 tractat,
567 3569 729 3631 quae
756 3552 1028 3632 quisque
1061 3549 1183 3613 sibi
1214 3551 1337 3632 ipsi
1372 3549 1576 3630 debet,
1608 3569 1770 3631 quae
1803 3549 1959 3629 aliis,
1993 3567 2155 3629 quae
2188 3567 2353 3609 mor-

301 3657 428 3719 tuis
459 3657 537 3738 (v;
576 3657 705 3737 17)3
742 3656 822 3718 ad
855 3661 1103 3720 rectum
1132 3655 1413 3718 familiae
1459 3657 1749 3738 regimen
1795 3657 1937 3737 (vss
2004 3654 2350 3733 175-206);

299 3763 380 3827 ad
406 3765 811 3828 concordiam
848 3764 1123 3845 demum,
1159 3783 1321 3845 quae
1356 3783 1506 3827 cum
1539 3781 1759 3844 uxore,
1796 3782 1945 3826 cum
1971 3762 2126 3823 filiis
2158 3763 2353 3845 (207),

236 3922 241 3927 .
303 3891 454 3935 cum
499 3873 719 3936 amicis
765 3873 957 3954 (218),
1007 3892 1156 3935 cum
1200 3871 1458 3934 famulis
1491 3870 1801 3933 servanda
1843 3874 1952 3933 est.
1987 3868 2214 3951 Neque
2247 3868 2355 3931 ab-

300 3979 538 4042 stinere
555 3998 816 4062 possum
841 3979 998 4060 quin
1021 3978 1234 4042 locum
1252 3978 1526 4041 referam
1548 3996 1582 4040 e
1598 3977 1975 4059 fragmentis
1998 3976 2105 4038 lib.
2138 4000 2165 4032 «
2189 3973 2355 4057 Περὶ

2023 4082 2051 4125 4
