2961 4616
1516 364 1582 371 ..
1623 333 1693 387 50
1734 365 1800 371 ,-

638 442 837 504 οἰκῶν
882 441 1283 523 εὐδαιμονίας
1313 466 1340 498 >>
1395 461 1528 524 cap.
1576 441 1673 504 III
1729 442 2178 508 Kallicratidae
2236 444 2546 509 Laconis:
2609 423 2697 492 —'

564 622 568 626 .
638 547 704 609 Γ
695 548 1040 630 αγησέοντα
1078 547 1146 610 δὲ
1179 548 1277 611 δεῖ
1301 548 1500 630 γαμὲν
1545 549 1687 612 ποτὶ
1734 549 1845 614 τὰν
1890 550 2067 633 αὖτῴ
2113 552 2324 634 τύχαν,
2379 554 2477 616 ἵνα
2533 555 2697 637 μήτε

638 656 797 737 ὑπὲρ
851 655 962 718 τὰν
1010 655 1294 737 δύναμιν,
1339 657 1496 738 μήτε
1539 657 1783 739 μῄοντα
1827 663 1936 728 τᾶς
1984 659 2289 741 δυνάμιος
2332 659 2441 724 τὸν
2483 662 2699 743 γάμον

641 764 958 847 ἕπάγηται,
990 763 1143 827 ἀλλὰ
1177 765 1315 827 ποτὶ
1345 764 1538 845 λόγον
1578 770 1686 835 τᾶς
1728 766 1888 837 ἰδίας
1932 766 2252 849 δυνάμιος.
2302 771 2364 832 οἱ
2403 770 2524 850 μὲν
2571 770 2699 853 γὰρ

635 872 796 952 ὑπὲρ
828 870 938 934 τὰν
972 871 1240 952 δύναμιν
1271 870 1606 952 ἐπάγοντες
1636 874 2018 946 στασιάζοντι
2052 865 2157 936 διᾶ
2184 874 2294 937 τὰν
2325 876 2691 957 ἇγεμονίαν.

638 980 678 1040 ἆ
708 978 827 1060 μὲν
860 978 980 1061 γὰρ
1011 986 1103 1060 τῷ
1132 978 1387 1059 πλούτῳ
1420 979 1529 1042 καὶ
1559 987 1651 1060 τῷ
1674 980 1832 1060 γένει
1856 981 2375 1064 καθυπερέχοισα
2398 982 2698 1064 τ’ἄνδρὸς

638 1087 849 1167 ἄρχειν
895 1092 1299 1168 προαιρεῖται,
1346 1085 1383 1148 ὁ
1433 1086 1502 1149 δὲ
1548 1086 1806 1159 ἀνάξιον
1855 1088 2086 1169 ἀγεῖται
2132 1088 2241 1151 καὶ
2289 1088 2464 1171 παρὰ
2499 1090 2697 1171 φύσιν

635 1193 1085 1275 συγχωρέν.-,
1135 1211 1260 1273 quo
1309 1192 1535 1256 eadem
1582 1213 1657 1256 ac
1700 1194 1769 1254 in
1815 1194 2175 1277 Pseudoph.
2219 1197 2362 1277 (vss
2400 1195 2693 1261 199-200

636 1300 860 1380 203-4)
906 1300 1222 1362 sententia
1278 1299 1650 1381 explicatur.
1701 1300 1936 1364 Confer
1995 1306 2323 1384 praeterea
2379 1302 2537 1384 frag.
2605 1341 2691 1349 ——-

632 1406 1047 1489 Περικτιόνης
1075 1414 1184 1489 τῆς
1213 1408 1651 1490 πυθαγορείας
1699 1409 1769 1471 ἐκ
1815 1415 1925 1472 τοῦ
1976 1447 2058 1454 -
2106 1408 2273 1491 Περὶ
2324 1412 2557 1492 σοφίας
2605 1450 2689 1457 —

632 1533 755 1576 nec
801 1534 929 1576 non
978 1551 1061 1558 -—
1108 1512 1272 1595 Περὶ
1304 1513 1603 1595 γυναικὸς
1634 1515 1958 1597 ἁρμονίας.
1995 1553 2077 1560 -
2111 1516 2259 1579 Pari
2291 1522 2504 1580 autem
2548 1539 2693 1600 pro-

636 1641 837 1702 cessa,
887 1641 1012 1703 quo
1047 1623 1236 1685 etiam
1268 1621 1917 1705 PseudophocylideS,
1952 1622 2207 1687 Okellos
2235 1624 2539 1688 Lucanus
2571 1646 2692 1689 suo

634 1730 945 1809 tractatui,
978 1748 1193 1791 rerum
1233 1733 1459 1790 natura
1506 1735 1570 1791 et
1615 1731 1946 1792 harmonia
1993 1750 2289 1813 expensa,
2333 1731 2538 1795 finem
2570 1734 2694 1794 im—

635 1838 830 1918 ponit,
890 1840 1229 1919 praecepta
1274 1836 1529 1899 tradens
1576 1836 1655 1898 ad
1703 1838 2104 1919 coniugalem
2150 1840 2347 1901 vitam
2394 1845 2694 1921 spectan-

633 1945 750 2022 tia3
802 1964 994 2025 quam
1038 1935 1236 2026 igitur
1281 1943 1662 2008 affinitatem
1711 1949 1774 2008 et
1818 1945 2216 2009 locutionum
2280 1946 2559 2009 brevitas
2630 1952 2696 2011 et

631 2055 1115 2133 praeceptorum
1162 2052 1558 2113 concinnitas
1604 2071 1725 2114 nec
1771 2072 1903 2115 non
1947 2053 2195 2134 figurae
2244 2053 2555 2135 quaedam
2624 2060 2692 2118 et

633 2158 1134 2239 comparationes
1181 2156 1519 2220 traditione
1567 2163 1862 2240 acceptae
1923 2160 2226 2223 indicant.
2289 2159 2436 2223 Non
2501 2161 2696 2224 aliter

632 2284 822 2346 quam
870 2263 1507 2347 Pseudophocylidea
1554 2284 1773 2328 eorum
1822 2271 2123 2330 tractatus
2170 2267 2248 2331 de
2291 2268 2576 2331 moribus
2628 2273 2697 2333 et

628 2373 701 2435 τὰ
735 2411 816 2416 ---
848 2372 1081 2453 Χρυσᾶ
1103 2374 1221 2455 ἔπη
1250 2409 1333 2416 —
1358 2393 1395 2434 a
1416 2372 1878 2436 rhetoricorum
1901 2374 2051 2438 fuco
2077 2375 2434 2456 abhorrent,
2469 2380 2686 2458 atque,

629 2478 703 2542 u't
766 2481 854 2542 ita
916 2480 1139 2561 dicam,
1201 2518 1282 2524 —
1336 2480 1664 2562 ἐγχειρίδια
1716 2519 1797 2525 ——
1847 2486 1998 2543 sunt
2052 2484 2203 2545 novi
2266 2483 2429 2544 nihil
2476 2484 2692 2565 profe-

626 2590 847 2668 rentia,
895 2588 974 2650 ad
1022 2589 1186 2650 vitae
1232 2592 1445 2650 tamen
1500 2590 1910 2652 necessitates
1976 2611 2166 2672 quam
2234 2592 2514 2654 maxime
2581 2612 2688 2654 ac-

632 2696 1041 2759 commodata.
1090 2694 1376 2772 Quorum
1421 2701 1729 2778 auctoreS,
1779 2702 1851 2759 ut
1895 2699 1983 2760 ait
2023 2697 2269 2762 Croiset
2298 2698 2485 2782 (Hist.
2521 2698 2684 2762 Lett.

628 2803 767 2865 Vol.
815 2804 890 2866 V.
938 2823 1077 2885 pag.
1124 2804 1303 2884 410):
1356 2841 1438 2848 —
1490 2803 1836 2885 Croyaient
1866 2812 2199 2870 retrouver
2246 2856 2686 2871 ..........

624 2911 685 2974 le
734 2910 945 2973 debris
992 2911 1103 2975 des
1136 2911 1382 2974 vieilles
1416 2911 1735 2975 doctrines
1766 2914 2374 2995 pythagoriciennes
2408 2919 2472 2977 et
2505 2915 2689 2979 n'he-

628 3017 884 3079 sitaient
928 3036 1039 3098 pas
1086 3021 1123 3078 a
1166 3016 1259 3079 les
1305 3017 1536 3080 rendre
1602 3021 1638 3079 a
1694 3018 1867 3081 leurs
1932 3019 2268 3083 veritables
2329 3024 2590 3083 auteurs
2625 3047 2678 3084 >›.

626 3123 1256 3206 Pseudophocylides
1287 3142 1437 3186 vero
1472 3124 1792 3206 explicare
1824 3126 2081 3188 simulat
2106 3146 2269 3208 quae
2296 3146 2485 3190 verus
2512 3127 2684 3190 Pho-

627 3231 871 3313 cylides
934 3231 1308 3312 tradidisset,
1347 3232 1390 3312 l)
1453 3238 1518 3295 et
1579 3232 1731 3294 dum
1785 3232 1847 3295 N
1849 3235 2327 3317 eopythagorici
2391 3235 2686 3298 doricum

626 3359 985 3403 sermonem
1032 3340 1413 3422 praeferunt,
1462 3341 1709 3422 antiqui
1757 3341 2156 3425 Pythagorae
2188 3329 2533 3426 proprium,
2571 3343 2686 3407 ille

624 3447 836 3528 jonico
882 3446 1135 3529 gaudet,
1183 3466 1308 3528 quo
1358 3451 1421 3509 et
1466 3448 1768 3529 antiquus
1815 3449 2103 3512 Milesius
2150 3469 2307 3513 usus
2352 3450 2580 3514 suerat.

803 3555 1142 3619 Praeterea
1185 3574 1268 3618 ne
1314 3574 1430 3618 nos
1475 3555 1682 3637 fugiat
1722 3557 1945 3619 eodem
1974 3561 2255 3640 tempore
2287 3557 2680 3621 Iudaeorum

626 3670 830 3730 sectas
879 3666 1068 3728 variis
1113 3665 1444 3747 principiis
1491 3665 1659 3727 inter
1705 3684 1772 3728 se
1822 3665 2228 3748 discrepasse.
2277 3665 2535 3730 Flavius
2583 3667 2687 3730 Io-

798 3898 838 3966 ¹)
876 3898 1060 3951 Etiam
1099 3903 1293 3952 auctor
1328 3897 1455 3952 libri
1483 3897 1799 3968 Sapientiae
1827 3897 2042 3952 Sirachi
2062 3897 2167 3952 sub
2193 3898 2329 3953 ficto
2356 3899 2676 3955 Salomonis

639 3988 859 4040 nomine
895 3987 1114 4057 regibus
1152 3992 1444 4059 praecepta
1489 3986 1734 4042 tradidit.
