2961 4616
1502 350 1568 357 -
1606 317 1677 370 24
1718 350 1784 357 -

604 427 818 507 Bergk
864 427 1208 509 (Kritische
1255 426 1503 510 beitrag
1531 449 1582 492 z.
1616 428 1755 511 dog.
1802 428 1999 492 Phok.
2042 429 2227 503 Phil.)
2275 430 2669 513 singularem

597 536 946 601 lectionem
994 538 1233 601 codicis
1279 536 1576 600 Vaticani
1612 537 1974 617 emendanS,
2007 536 2340 620 subrogat:
2378 576 2461 583 —
2494 538 2671 620 χρῴ-

605 648 754 720 ζοις.
804 647 880 709 In
933 647 1068 710 cod.
1118 652 1238 710 vat.
1287 648 1376 709 ita
1420 665 1572 708 vsus
1617 645 1877 727 legitur:

788 793 871 800 —
920 755 1053 818 εἴθε
1101 753 1170 818 δὲ
1213 754 1355 836 μήτ’
1389 754 1603 835 ἄνομα
1648 752 1795 817 τόδε
1834 754 2068 817 παθεῒν
2095 755 2253 838 μήτε
2286 754 2549 825 δικαίως
2579 792 2669 801 —

605 867 796 943 atque
842 862 1054 944 Bergk
1104 882 1359 926 versum
1406 865 1609 924 totum
1654 861 1925 924 reficere
1973 866 2242 924 conatur
2288 862 2410 925 hoe
2441 867 2668 944 paeto:

603 969 736 1032 εἴθε
784 969 854 1032 δε
904 969 988 1050 ιιὴ
1037 968 1312 1051 χρῴζοις
1357 968 1539 1048 ὄνομ’
1605 968 1815 1050 αἵματι
1880 967 2036 1049 μήτε
2103 967 2366 1039 δικαίως
2414 1007 2497 1013 ——
2561 969 2674 1031 Sic

604 1078 1061 1160 interpretans:
1104 1104 1132 1135 «
1171 1081 1418 1159 mogest
1467 1077 1555 1138 du
1611 1077 1774 1139 doch
1831 1078 1898 1138 ni
1957 1077 2173 1140 weder
2216 1078 2283 1139 in
2332 1078 2676 1157 gereehter

602 1184 769 1246 noeh
827 1184 1253 1266 ungerechter
1283 1183 1474 1246 sache
1510 1182 1657 1245 dein
1706 1182 1979 1245 schwert
2005 1183 2123 1245 mit
2165 1182 2306 1245 blut
2348 1183 2591 1246 farben.
2634 1209 2664 1242 »

787 1291 928 1354 Vss.
978 1292 1134 1365 35-ss
1183 1291 1403 1354 officia
1448 1310 1600 1372 erga
1645 1290 1957 1353 finitimos
2002 1297 2373 1355 recensent:
2409 1311 2673 1355 versum

606 1417 755 1460 vero
807 1398 890 1459 38
940 1397 1162 1460 confer
1207 1417 1355 1460 eum
1401 1395 1615 1459 verbis
1660 1396 1846 1459 Dent.
1896 1396 2079 1477 XIX,
2132 1398 2214 1460 14
2263 1418 2427 1480 quae
2475 1418 2675 1481 supra

605 1504 806 1585 attuli,
853 1524 1105 1567 necnon
1157 1523 1304 1567 oum
1349 1502 1534 1566 Prov.
1570 1523 1702 1585 cap.
1735 1504 1952 1585 XXII,
1986 1506 2106 1566 28:
2146 1543 2228 1549 —
2262 1504 2378 1586 Μὴ
2412 1505 2671 1586 μέταιρε

606 1609 748 1690 ὅρια
797 1609 1040 1680 αἰώνια,
1089 1611 1127 1670 ἃ
1176 1609 1394 1671 ἔθεντο
1427 1610 1491 1671 οἱ
1518 1608 1783 1688 πατέρες
1813 1631 1948 1672 σου.
1983 1647 2066 1653 —
2101 1609 2375 1672 Versum
2420 1609 2502 1672 39
2554 1611 2670 1674 cfr.

607 1738 755 1781 eum
802 1716 951 1780 Lev.
999 1715 1183 1797 XIX,
1232 1717 1316 1778 34
1350 1754 1433 1761 —-
1459 1715 1573 1787 Ὣς
1618 1716 1656 1779 ὅ
1702 1716 2045 1798 αὐτόχθων
2090 1717 2157 1779 ἒν
2204 1718 2370 1798 ὑμῖν,
2417 1720 2586 1782 ἔσται
2631 1720 2674 1782 ὁ

602 1813 993 1906 προςήλυτος
1039 1824 1076 1886 ὁ
1121 1822 1723 1906 προςπορευόμενος
1767 1822 1931 1905 πρὸς
1957 1825 2141 1906 ὑμᾶς,
2173 1824 2283 1887 καὶ
2313 1825 2669 1908 ἀγαπήσεις

606 1930 797 1995 αὐτὸν
828 1932 922 2002 ὡς
954 1929 1232 1995 σεαυτόν.
1265 1930 1482 1993 Verba
1515 1936 1729 1994 autem
1762 1951 1925 2012 quae
1958 1936 2319 2013 sequuntur
2349 1932 2440 1995 ὅτι
2471 1957 2672 2013 προς-

522 2085 542 2103 .
604 2040 816 2121 ήλυτοι
862 2038 1197 2119 ἐγενήθητε
1243 2038 1308 2099 ἒν
1359 2043 1439 2119 γῇ
1486 2038 1788 2119 Αἰγύπτῳ
1818 2039 1980 2101 κ.τ.λ.
2026 2058 2188 2120 quae
2237 2039 2316 2101 ad
2355 2039 2671 2121 populum

603 2147 933 2227 judaicum
980 2145 1387 2224 singulariter
1431 2150 1735 2227 spectant,
1790 2146 2102 2209 locutioni
2158 2166 2383 2210 versus
2445 2148 2530 2210 40
2581 2186 2670 2193 —

604 2252 831 2324 πάντες
877 2251 997 2334 γὰρ
1028 2252 1255 2336 πηνίης
1297 2251 1677 2333 πειρώμεθα
1701 2258 1809 2335 τῆς
1831 2252 2321 2334 πολυπλάγκτου
2356 2290 2438 2297 —-
2476 2253 2672 2335 origi-

607 2382 757 2425 nem
789 2361 1236 2444 praebuerunt,
1271 2365 1335 2422 et
1357 2359 1655 2438 omnibus
1675 2360 2043 2422 hominibus
2076 2360 2405 2441 quadrant.
2439 2361 2548 2423 Vs.
2572 2362 2659 2422 44

609 2469 833 2532 confer
878 2488 1025 2531 eum
1071 2467 1219 2530 Lev.
1269 2465 1480 2528 XXV.
1531 2468 1652 2529 23:
1690 2505 1773 2512 —
1807 2466 1933 2530 Καὶ
1977 2469 2015 2548 ἡ
2051 2473 2130 2549 γῆ
2162 2468 2239 2531 οὗ
2270 2468 2671 2549 πραθήσεται

606 2577 693 2646 εἷς
736 2575 1069 2657 βεβάωοιν·
1118 2572 1237 2655 ἐμὴ
1286 2574 1408 2654 γάρ
1456 2573 1615 2637 ἐστιν
1662 2574 1701 2656 ἦ
1757 2580 1837 2655 γῆ
1848 2620 1864 2647 ,
1927 2572 2077 2636 διότι
2122 2575 2502 2657 προςήλυτοι
2557 2575 2670 2639 καὶ

606 2683 906 2762 πάροικοι
956 2683 1135 2762 ὑμεῖς
1189 2681 1321 2743 ἕστε
1383 2678 1660 2743 ἕνάντιόν
1723 2704 1853 2762 μου
1915 2705 2041 2756 -—-,·
2102 2686 2165 2744 et
2226 2701 2374 2744 cum
2434 2681 2664 2744 Chron.

608 2788 860 2868 XXIX,
913 2789 992 2849 16
1028 2826 1110 2832 —-
1144 2787 1234 2850 ὅτι
1279 2787 1585 2867 πάροικοί
1610 2788 1813 2869 ἔσμεν,
1846 2786 2123 2850 ἒνάντιόν
2154 2811 2272 2851 σου
2305 2787 2413 2850 καὶ
2440 2810 2666 2868 παροι-

607 2900 882 2966 κοῢντες,
930 2895 1023 2964 ὡς
1064 2895 1290 2965 πάντες
1335 2895 1398 2956 οἱ
1441 2893 1706 2973 πατέρες
1753 2895 1958 2975 ἡμῶν.
2008 2893 2101 2964 ὡς
2147 2893 2289 2957 σκιὰ
2338 2894 2406 2956 αῖ
2437 2895 2669 2976 ἡμέραι

606 3003 796 3084 ἡμῶν
850 3001 951 3064 ἐπὶ
1000 3007 1130 3082 γῆς,
1175 3001 1285 3064 καὶ
1330 3001 1450 3064 οὒκ
1504 3002 1661 3063 ἔστιν
1726 3001 2039 3083 ὕπομονή.
2099 3039 2180 3045 ——
2238 3001 2516 3064 Versum
2579 3003 2661 3064 41

611 3108 875 3171 Crusius
921 3107 1135 3187 (Anth.
1182 3107 1324 3187 lyr.)
1369 3107 1463 3169 sie
1494 3107 1786 3170 exhibet:
1824 3145 1907 3152 —
1941 3107 2123 3190 χώρη
2159 3106 2216 3169 δ’
2237 3108 2369 3169 οὔτι
2406 3100 2669 3187 βέβαιον

609 3217 732 3298 ἔχει
775 3214 973 3277 πέδον
1020 3214 1419 3296 ἀνθρώποισι
1452 3237 1576 3288 —-,·
1610 3212 1753 3276 Otto
1788 3213 2017 3276 Goram
2050 3214 2393 3277 lectionem
2426 3251 2507 3258 —
2537 3214 2668 3296 χώ-

610 3347 729 3405 ρης
755 3361 836 3368 -—
864 3323 1156 3403 sequitur
1186 3341 1298 3404 pro
1326 3359 1407 3366 -—
1434 3321 1617 3403 χώρη
1646 3359 1747 3401 ——,
1784 3340 1976 3402 quam
2008 3342 2139 3385 non
2172 3321 2358 3385 modo
2390 3322 2669 3404 optimus

613 3429 817 3493 codex
863 3428 1248 3490 Mutinensis
1295 3426 1556 3509 praebet
1602 3430 1665 3489 et
1709 3426 1921 3509 Bergk
1969 3429 2343 3491 auctoritate
2377 3448 2493 3490 sua
2522 3447 2667 3509 pro-

608 3537 732 3616 bat,
781 3536 893 3599 sed
942 3536 1130 3598 etiam
1179 3532 1373 3597 verba
1419 3534 1647 3597 Chron.
1681 3534 1729 3615 1,
1764 3535 1866 3616 29,
1904 3537 2003 3615 15,
2038 3555 2199 3617 quae
2232 3555 2425 3617 supra
2455 3535 2667 3598 attuli-

609 3664 770 3715 mus,
819 3648 882 3705 et
928 3643 1204 3705 Socratis
1250 3661 1324 3704 ae
1369 3640 1654 3703 Platonis
1702 3646 1767 3704 et
1819 3642 2350 3725 Philosophorum
2405 3661 2666 3722 graeco-

610 3771 752 3813 rum
825 3750 1182 3813 eommunis
1239 3749 1557 3810 sententia
1617 3749 1997 3812 confirmare
2062 3749 2396 3817 videntur:
2466 3748 2667 3812 πέδον

615 3859 786 3921 enim
834 3862 930 3920 est
976 3856 1145 3919 orbis
1193 3860 1520 3936 terrarum,
1555 3857 1740 3919 euius
1774 3857 2036 3937 quaevis
2069 3859 2235 3919 terra
2274 3853 2507 3939 (χώρα)
2553 3856 2667 3918 ho-

600 3965 872 4048 spitium
922 3969 985 4027 et
1030 3963 1210 4045 quasi
1257 3963 1680 4026 diversorium
1730 3984 1857 4027 non
1896 3963 2161 4045 patriam
2193 3962 2659 4045 (Heimatland:

2526 4461 2749 4568 *a
