2961 4616
355 438 465 501 Vs.
517 438 641 500 199
697 476 778 484 —
826 438 1318 522 πολυχρήματος
1371 478 1454 485 -
1505 440 1892 522 adjectivum
1939 445 2036 504 est
2078 442 2145 503 in
2200 441 2408 504 soluta

580 545 863 607 oratione
911 546 1226 626 sequioris
1272 547 1496 609 aetatis
1530 546 1865 609 dumtaxat
1892 547 2248 610 adhibitum
2271 548 2405 631 (cfr.

580 651 807 735 Bergk.
854 651 1177 715 Kritische
1224 652 1384 716 Beit.
1434 655 1492 716 2.
1541 654 1641 717 Ps.
1689 674 1746 737 p.
1794 653 1966 736 XX).

357 760 465 822 Vs.
516 760 644 823 202
697 796 775 804 -
810 759 1121 845 ὗφιτένων
1150 798 1232 805 -
1268 761 1492 843 adject.
1525 780 1653 843 seq.
1688 767 1804 825 aet.

359 866 468 928 VS.
517 867 646 929 210
695 903 778 911 ——
826 866 1188 950 πλοκαμηΐς
1234 905 1317 912 -
1365 867 1578 930 Voces
1624 869 1693 929 in
1737 905 1820 913 ——
1859 867 1957 951 ηΐς
1988 907 2070 914 ——
2108 869 2408 933 cadentes

579 974 676 1055 (ut
708 1012 788 1018 —-
822 973 1191 1057 θρεόακηΐς,
1238 974 1597 1057 ὄρεπανηΐς,
1636 974 1947 1059 μεροπηΐς
1978 1026 2178 1039 .....
2213 977 2232 1058 )
2263 996 2406 1059 pro-

579 1082 756 1163 priae
802 1086 956 1144 sunt
998 1086 1327 1164 poetarum
1372 1083 1628 1146 serioris
1675 1084 1833 1165 aevi,
1879 1084 2222 1167 praecipue
2257 1103 2407 1148 vero

580 1189 1167 1253 Alexandrinorum
1197 1189 1446 1273 (Bergk.
1480 1190 1640 1254 Krit.
1673 1191 1835 1255 Beit.
1868 1212 1914 1254 s,
1948 1192 2006 1256 S.
2039 1192 2192 1274 Ph.).

357 1297 433 1360 V.
482 1299 606 1359 221
662 1336 739 1343 -
781 1297 1053 1380 ὁμήλικα
1088 1336 1171 1342 -
1206 1298 1344 1361 adv,
1379 1319 1424 1361 s,
1459 1304 1576 1362 aet.

358 1406 434 1469 V.
485 1407 612 1468 225
663 1444 746 1451 —-
778 1406 1186 1480 ἐπονειόίζων
1214 1427 1269 1468 V.
1303 1427 1349 1469 s,
1383 1426 1473 1470 ae.
1508 1407 1657 1490 (Cfr.
1690 1408 1844 1472 Lex.
1878 1408 2068 1490 Pape,
2102 1408 2328 1491 Soph.).

536 1513 613 1576 V.
662 1513 900 1595 Aliqua
945 1514 1155 1577 adhuc
1203 1515 1502 1577 carminis
1549 1515 1779 1579 Pseud.
1839 1520 2134 1598 corrupta
2188 1535 2408 1599 super-

358 1626 524 1703 sunt,
572 1626 646 1684 ut
691 1622 992 1686 admonet
1033 1622 1277 1706 Bergk.

358 1730 466 1792 Vs,
520 1731 675 1793 101·
662 1779 988 1793 ......
1036 1729 1145 1792 καὶ
1176 1729 1507 1812 δαιμόνιον
1538 1730 1733 1814 χόλον
1765 1731 1976 1814 ὄρσῃς.

446 1837 536 1898 ita
669 1857 680 1898 :
733 1886 994 1899 .....
1040 1835 1131 1919 μὴ
1173 1837 1229 1899 ὅ.
1529 1862 1585 1921 χ.
1754 1838 1806 1901 ὅ.
1976 1838 2406 1921 corrigendus,

358 1944 416 2004 V
419 1964 466 2007 s.
519 1946 682 2008 103:
734 1983 815 1989 —·
850 1944 959 2008 καὶ
987 1945 1143 2028 τάχα
1175 1945 1231 2008 ὀ’
1237 1945 1309 2008 ἐκ
1342 1945 1522 2029 γαίης
1551 1946 1885 2028 ἐλπίζομεν
1915 1947 1979 2017 ἐς
2008 1946 2177 2029 φάος
2206 1946 2409 2009 ἐλθεῖν

581 2054 848 2116 fortasse
896 2053 1311 2135 corrigendus
1358 2058 1456 2116 est
1501 2053 1623 2117 hoc
1667 2059 1884 2136 pacto:

540 2199 621 2206 -
657 2160 766 2224 καὶ
813 2160 938 2244 τάχ’
988 2163 1066 2223 ἂν
1112 2161 1183 2223 ἐκ
1231 2161 1412 2244 γαίης
1457 2161 1790 2243 ἐλπίζομεν
1835 2160 1879 2223 ἐ.
1928 2185 1995 2244 φ.
2043 2161 2087 2224 ἐ.
2122 2184 2240 2239 -;

577 2268 955 2352 plerumque
1004 2268 1175 2332 enim
1222 2268 1518 2333 verbum:
1571 2307 1653 2315 —-
1716 2268 1946 2344 ἐλπίζω
2009 2289 2159 2334 cum
2220 2268 2407 2332 modo

356 2376 589 2440 infinit.
639 2382 704 2440 et
747 2377 963 2460 partic.
1011 2377 1090 2439 ἄν
1136 2378 1564 2460 conjungitur.

360 2483 435 2546 V.
487 2486 648 2547 153:
701 2521 782 2529 —
817 2484 1081 2566 ἐργάζευ
1126 2485 1421 2567 μοχθῶν,
1469 2486 1563 2556 ὥς
1607 2485 1677 2558 ἐξ
1722 2485 1900 2549 ἰδίων
1951 2485 2276 2569 βιοτεύσῃς
2324 2522 2405 2530 -

581 2592 692 2655 ubi
724 2593 1131 2675 participium
1164 2630 1247 2637 ——
1278 2594 1557 2676 μοχθῶν
1590 2632 1673 2639 ——
1707 2594 1971 2658 minime
1997 2593 2409 2677 accipiendus

581 2704 710 2778 est3
761 2699 925 2762 bene
973 2699 1366 2779 emendatur,
1411 2704 1653 2762 mutato
1684 2700 1963 2783 μοχθῶν
1993 2701 2063 2762 in
2093 2698 2406 2783 μόχθωνε

580 2806 714 2890 (cfr.
765 2806 980 2889 Orus).

562 2953 643 2961 —
679 2915 961 2997 ἐργάζευ,
1007 2914 1286 2998 μόχθων
1332 2914 1426 2986 ὥς
1471 2916 1541 2989 ἐξ
1585 2916 1764 2980 ἰόίων
1807 2916 2096 2999 βιοτεύῃς
2128 2952 2211 2961 -

580 3024 798 3101 (idestz
850 3027 923 3085 ut
966 3024 1219 3106 proprio
1264 3025 1442 3087 vivas
1467 3024 1682 3089 labore
1716 3025 1951 3088 confer.
1985 3024 2213 3107 Bergk.
2245 3023 2284 3086 l.
2318 3023 2409 3104 c.).

538 3132 635 3195 De
666 3133 746 3196 iis
779 3152 944 3215 quae
970 3132 1048 3195 ad
1071 3133 1248 3197 dotes
1273 3134 1545 3197 attinent
1565 3134 1750 3197 istius
1775 3134 2090 3214 carminis,
2115 3133 2205 3196 ita
2234 3151 2410 3196 men-

362 3244 489 3302 tem
550 3259 731 3303 suam
797 3240 1081 3323 Scaliger
1139 3242 1366 3324 aperit:
1439 3266 1466 3299 «
1500 3240 1728 3323 Neque
1785 3241 1957 3304 enim
2012 3246 2166 3324 puto
2218 3239 2409 3301 ullius

362 3350 650 3409 veterum
698 3365 954 3409 carmen
1002 3351 1236 3428 extare,
1284 3347 1455 3429 quod
1504 3366 1653 3410 cum
1699 3347 1874 3429 poesi
1921 3347 2113 3429 hujus
2159 3346 2410 3426 Phocy-

359 3451 506 3515 lidis
552 3458 664 3516 aut
703 3452 1018 3536 elegantia
1062 3458 1173 3516 aut
1212 3455 1416 3517 nitore
1448 3454 1791 3518 verborum
1823 3454 2098 3517 conferri
2130 3453 2329 3536 possit
2358 3477 2408 3515 ».

361 3559 537 3637 Quae
589 3560 850 3643 quidem
894 3560 1117 3624 laudes
1163 3561 1424 3623 modum
1472 3561 1785 3625 excedere
1833 3561 2163 3640 videntur3
2213 3564 2291 3641 at,
2340 3564 2414 3622 ut

363 3668 697 3733 Goramius
713 3668 896 3732 illum
924 3673 1204 3750 excusat,
1232 3670 1367 3732 veri
1398 3669 1604 3733 simile
1639 3675 1736 3733 est
1765 3669 2159 3753 Scaligerum
2188 3673 2413 3752 poema

360 3776 481 3839 hoc
512 3796 641 3839 non
690 3796 840 3840 cum
871 3776 1064 3839 totius
1097 3795 1361 3859 graecae
1394 3778 1807 3859 antiquitatiS,
1842 3778 1954 3841 sed
1980 3781 2227 3840 tantum
2260 3794 2403 3839 cum

360 3885 673 3965 sequioris
719 3885 942 3948 aetatis
990 3884 1289 3967 operibus
1336 3885 1626 3949 conferre
1672 3887 1742 3948 in
1789 3888 2000 3949 animo
2048 3884 2363 3947 habuisse.

539 3990 839 4054 Ceterum
901 3993 1177 4056 auctoris
1238 3993 1574 4078 ingenium
1638 4012 1904 4080 pensare
1964 4012 2046 4060 ex
2105 3994 2410 4079 poemate,
