2961 4616
1273 372 1339 379 -.
1383 339 1417 392 9
1455 372 1523 378 -

365 452 629 534 planum
677 456 774 514 est
819 450 1054 514 videre.
1120 449 1284 513 Nam
1346 450 1401 513 si
1447 453 1592 532 post
1638 470 1756 513 vss.
1805 451 2006 512 45-55
2055 450 2119 513 II
2168 450 2272 514 lib.
2320 452 2415 516 Si-

369 558 520 639 byll.
548 577 770 622 versus
792 557 1468 640 Pseudophooylideae
1503 556 1781 638 deesent7
1816 576 1924 620 eos
1955 557 2219 621 minime
2252 558 2416 622 desi-

367 664 573 729 derari
623 668 870 728 certum
916 668 1026 727 est.
1077 663 1302 727 Affero
1349 683 1469 726 vss,
1518 664 1721 725 45-55
1765 662 1944 726 Orao.
1978 663 2235 745 Sibyll.:

413 775 513 836 45.
553 771 776 855 Ἀγνὸς
807 771 928 854 γὰρ
972 771 1248 853 Χριστὸς
1276 772 1517 843 τούτοις
1546 771 1619 835 τὰ
1656 772 1865 836 δίκαια
1896 772 2252 856 βραβεύσει,

407 881 509 942 46.
557 879 686 942 Καὶ
717 879 1025 962 δοκίμους
1055 879 1278 962 στέψει,
1310 871 1510 962 αὐτὰρ
1540 879 1713 962 θέμα
1744 878 2012 962 μάρτυσι
2044 879 2234 944 δώσει

415 988 518 1051 47.
556 985 909 1050 Ἀθάνατόν
947 987 994 1049 τ’
1029 987 1174 1070 ἄχρι
1185 985 1264 1071 (ς)
1303 986 1589 1051 θανάτου
1620 985 1728 1050 τὸν
1759 987 1978 1070 ἀγῶνα
2010 992 2315 1051 ποιοῦσιν.

406 1094 508 1157 48.
555 1093 991 1175 Παρθενικοῒς
1026 1092 1096 1157 δὲ
1127 1093 1443 1176 δραμοῢσι
1471 1094 1690 1164 καλῶς
1716 1093 2054 1176 ἄφθαρτον
2084 1093 2318 1158 ἄεθλον

406 1203 508 1266 49.
556 1201 779 1276 Δώσει,
816 1201 987 1266 τοῦδ’
1021 1201 1242 1280 ἄθλον,
1276 1201 1386 1265 καὶ
1414 1207 1542 1272 τοῖς
1569 1200 1643 1265 τά
1677 1201 1886 1265 δίκαια
1918 1201 2216 1283 νέμουσιν

411 1313 512 1375 50.
551 1310 956 1393 Ἀνθρώποις
997 1311 1157 1374 πασί
1161 1309 1244 1395 (ν)
1284 1334 1347 1374 τε
1392 1310 1502 1374 καὶ
1533 1311 1779 1375 ἔθνεσιν
1808 1310 2216 1374 ἀλλοδαποῖσι

409 1420 511 1483 51.
563 1419 706 1489 Τοῖς
731 1418 923 1489 ὁσίως
953 1418 1207 1492 ζώουσι,
1262 1416 1427 1482 Θεὸν
1459 1416 1638 1501 δ’(θ’)
1650 1419 1759 1481 ἕνα
1793 1417 2265 1499 γιγνώσκουσιν.

412 1527 512 1590 52.
558 1524 644 1590 Οἳ
667 1526 722 1589 δ’
737 1526 1031 1607 ἀγαπῶσι
1061 1525 1275 1607 γάμονὁ
1299 1549 1362 1589 τε
1393 1525 1852 1607 γαμοκλοπιῶν
1884 1525 2299 1608 δ’ἀπέχονται,

411 1636 512 1698 53.
561 1634 766 1699 Δώσει
809 1633 1078 1698 πλούσια
1113 1634 1271 1715 δῶρ,
1294 1635 1586 1698 ἀἰώνιον
1616 1633 1834 1697 ἐλπίδα
1866 1632 1974 1696 καὶ
2005 1633 2230 1703 αὐτοῖς.

409 1743 510 1804 54.
558 1740 752 1805 Πᾶοά
783 1765 846 1805 τε
874 1739 994 1823 γὰρ
1024 1740 1200 1824 ψυχὴ
1232 1741 1543 1824 μερόπων
1583 1740 1751 1805 Θεοῦ
1784 1741 1905 1804 ἐστι
1934 1738 2212 1823 χάρισμα

408 1850 509 1911 55.
556 1848 699 1912 Κοῦ
729 1848 915 1929 θέμις
944 1848 1340 1931 ἀνθρώπους
1369 1847 1480 1931 τὴν
1512 1848 1721 1931 ἄλγεσι
1749 1851 1903 1911 πᾶσι
1931 1846 2210 1928 μιαίνειν.

584 1956 648 2037 2)
694 1956 761 2020 Si
808 1956 923 2018 hos
970 1975 1193 2019 versus
1240 1956 1682 2038 expendimuS,
1714 1974 1845 2018 non
1874 1957 2122 2017 tantum
2152 1955 2416 2036 scripto-

355 2085 496 2128 rem
543 2064 973 2128 Christianum
1020 2064 1240 2143 fuisse,
1289 2083 1515 2128 verum
1563 2065 1755 2127 etiam
1808 2081 2030 2126 versus
2085 2061 2331 2144 aliquos
2377 2084 2415 2126 a

356 2171 711 2253 Phooylide
776 2172 1090 2235 imitatum
1152 2171 1341 2234 facile
1407 2169 1978 2254 deprehendimus:
2042 2187 2265 2231 versus
2329 2171 2411 2232 52

358 2278 558 2344 Sibill.
608 2278 1034 2344 conferendus
1082 2297 1229 2343 oum
1274 2275 1635 2362 Pseudoph.
1682 2298 1739 2341 v,
1789 2278 1862 2340 3:

536 2388 692 2470 μήτε
724 2386 1182 2469 γαμοκλοπέειν
1202 2386 1340 2469 μήτ’
1369 2386 1603 2468 ἀρσενα
1636 2384 1889 2467 Κύπριν
1920 2384 2163 2466 ὃρίνειν.
2187 2402 2411 2447 versus

360 2496 443 2558 53
493 2495 562 2557 in
608 2495 980 2557 memoriam
1025 2498 1282 2557 revocat
1326 2493 1686 2576 Pseudoph.
1736 2513 1855 2555 vss,
1908 2494 1963 2572 1,
2012 2492 2069 2555 2.
2327 2478 2332 2479 ἶ

539 2622 626 2664 vs.
675 2603 758 2664 45
793 2600 1014 2683 Sibyll.
1047 2601 1407 2684 Pseudoph.
1442 2621 1530 2664 VS.
1568 2603 1648 2664 12
1684 2650 1861 2663 ......
1891 2598 1965 2662 τὰ
2000 2599 2210 2662 δίκαια
2254 2600 2414 2682 βρα-

356 2709 580 2792 βεύειν.

536 2834 624 2877 vs.
676 2814 759 2875 54
809 2813 935 2878 Sib.
985 2813 1344 2896 Pseudoph.
1393 2832 1651 2877 versum
1702 2815 1861 2877 106:

544 2946 573 2978 «
605 2919 876 3002 Πνεῦμα
909 2922 1030 3004 γάρ
1059 2922 1180 2985 ἔστι
1217 2922 1378 2985 θεοῦ
1425 2927 1649 3004 χρῆσις
1679 2922 1961 3003 θνητοῖσι
2005 2920 2115 2984 καὶ
2161 2920 2353 3001 εἰκών
2379 2946 2407 2979 >>

355 3029 635 3093 Demum
681 3048 800 3092 vss,
853 3029 1094 3091 149-53
1144 3028 1604 3110 Sibyllinorum
1651 3048 1812 3092 orae.

542 3132 744 3206 Οὗτος
775 3135 970 3217 ἀγών,
1002 3136 1162 3199 ταῦτ’
1199 3135 1321 3199 ἐστὶ
1365 3136 1607 3209 ἀέθλια,
1645 3141 1836 3199 ταῦτα
1882 3136 2150 3218 βραβεῖα

541 3242 738 3306 Τοῦτο
783 3242 949 3325 πύλη
1000 3244 1172 3325 ζωῆς
1215 3242 1325 3306 καὶ
1370 3243 1617 3314 εἴσοδος
1663 3243 2034 3326 ἀθανασίης,

523 3347 661 3412 ‘'Hv
714 3346 877 3419 Θεὸς
923 3348 1218 3431 οὖράνιος
1265 3348 1674 3420 δικαιοτάτοις
1720 3348 2094 3433 ἀνθρώποις

521 3456 833 3539 Ἔστησεν
879 3456 1057 3539 νίκης
1101 3456 1439 3521 ἕπαέθλιον
1486 3459 1550 3521 οῖ
1595 3457 1664 3521 δὲ
1708 3457 2004 3540 λαβόντες

539 3562 625 3627 Τὸ
671 3564 899 3646 στέφος
939 3563 1220 3637 ἐνδόξως
1267 3564 1681 3628 διελεύσονται
1728 3563 1828 3627 διὰ
1877 3563 2116 3646 ταύτης.

353 3673 423 3734 in
460 3672 831 3735 memoriam
861 3671 1163 3754 redigunt
1193 3691 1416 3735 versus
1444 3671 1679 3755 epilogi
1704 3670 2055 3755 pseudoph.
2083 3670 2412 3735 carminis:

539 3778 743 3842 Ταῦτα
800 3778 1205 3861 δικαιοσύνης
1247 3779 1578 3861 μυστήρια,
1637 3785 1771 3843 τοῖα
1817 3779 2089 3861 βιεῢντες

535 3884 730 3968 Ζωὴν
763 3885 1070 3949 ἑκτελέοιτ’
1107 3884 1361 3968 ἀγαθὴν
1383 3887 1571 3969 μέχρι
1606 3886 1847 3968 γήραος
1874 3885 2035 3950 ὁδοῦ
2054 3910 2177 3964 -,·
2208 3903 2413 3950 necne

356 4012 664 4056 versuum
710 3993 1068 4076 Pseudoph.
1118 3993 1200 4055 98
