2961 4616
1201 338 1268 346 -
1307 309 1373 362 31
1420 340 1485 347 -

307 414 549 501 πατρὸς
580 416 775 480 αὐτοῦ
805 454 888 461 -
921 416 1061 480 Vss,
1116 417 1359 481 177-94
1391 417 1530 500 (Sin
1563 417 1847 500 excipias
1883 438 1970 480 VS.
2008 419 2151 499 187,
2183 419 2300 501 qui
2325 439 2367 481 a

299 525 488 588 Dent.
523 544 575 588 e.
608 522 858 605 XXIH,
894 525 928 586 1
966 524 1312 606 derivatur)
1342 544 1382 587 a
1413 524 1700 589 Levitico
1733 524 2045 607 originem
2084 525 2359 588 trahunt.

298 632 544 695 Versus
590 630 855 712 quidem
904 631 1030 693 182
1080 651 1119 693 a
1164 630 1313 694 LeV.
1362 631 1607 713 XVIII,
1643 633 1713 694 6:
1736 632 2225 716 Ἀσχημοσύνην
2254 639 2362 716 τῆς

297 735 578 821 ἆόελφῆς
623 760 741 801 σου
788 738 860 801 ἐκ
905 735 1147 821 πατρός
1192 760 1328 812 σου,
1373 741 1413 820 ἢ
1460 739 1532 802 ἐκ
1579 737 1821 822 μητρός
1871 762 1990 802 σου
2036 738 2223 803 ἔνόον
2265 762 2363 821 γε-

295 853 468 920 νοῦς,
517 848 557 929 ἢ
604 847 1021 930 γεγενημένης
1067 847 1214 921 ἔξω,
1259 848 1381 911 οὐκ
1429 848 1867 929 ἀποκαλύψεις
1911 847 2023 929 τὴν
2080 847 2361 930 ἀσχημο-

295 953 495 1036 σύνην
540 953 770 1016 αὐτῶν.
803 990 889 997 -
921 951 1063 1015 Vss,
1132 953 1330 1014 194-ss
1396 953 1715 1017 eiusmodi
1761 959 2103 1036 praecepta
2162 955 2362 1035 porri-

295 1064 474 1142 gunt,
524 1078 688 1140 quae
737 1059 892 1121 vitia
934 1059 1064 1139 jam
1123 1058 1249 1122 late
1304 1061 1614 1123 scatentia
1665 1063 2204 1142 praesupponunt„
2246 1058 2355 1121 Vs.

301 1166 425 1230 187
476 1167 663 1246 juxta
709 1184 840 1248 cap.
890 1164 1139 1246 XXIII,
1178 1167 1209 1227 1
1246 1164 1452 1229 Deut:
1491 1203 1573 1211 -—
1609 1167 1728 1230 οὐκ
1776 1166 2174 1230 εἰσελεύσεται
2203 1165 2361 1229 θλα-

298 1273 454 1346 δίας,
502 1271 655 1335 οὗόὲ
699 1272 1181 1354 ἀποκεκομένος
1212 1272 1552 1357 ἐκκλησίαν
1586 1272 1849 1356 Κυρίου.
1884 1310 1970 1317 -
2004 1271 2111 1335 Vs.
2150 1272 2276 1334 188
2326 1292 2364 1334 a

298 1378 448 1442 Lev.
496 1377 743 1460 XVIII,
792 1379 876 1441 23
927 1377 1283 1442 derivatur:
1333 1379 1462 1443 Καὶ
1510 1378 1673 1462 πρὸς
1715 1384 1845 1444 πᾶν
1890 1379 2237 1462 τετράπουν
2283 1380 2361 1443 οὗ

302 1486 530 1557 ὁώσεις
573 1485 686 1568 τὴν
716 1485 932 1568 κοίτην
963 1508 1081 1549 σου
1114 1487 1199 1556 εἰς
1231 1485 1706 1570 σπερματισμόν
1736 1486 2158 1569 ἑκμιανθῆναι
2195 1484 2361 1568 πρὸς

300 1591 472 1665 αὐτό,
519 1591 629 1654 καὶ
673 1591 830 1674 γυνὴ
880 1592 959 1655 οὗ
1004 1593 1286 1674 στήσεται
1313 1592 1480 1676 πρὸς
1508 1599 1638 1656 πᾶν
1668 1592 2014 1675 τετράπουν
2044 1592 2357 1675 βιβασθῆ-

300 1719 416 1764 ναι·
462 1698 761 1783 μυσαρὸν
799 1701 920 1782 γάρ
950 1700 1126 1764 ἐστιν.
1164 1737 1247 1745 -
1278 1700 1386 1763 Vs.
1425 1701 1550 1763 192
1583 1702 1770 1781 J‘uxta
1799 1700 1949 1763 LeV.
1984 1719 2116 1782 eap.
2151 1699 2362 1781 XVII,

303 1809 426 1871 22:
459 1845 545 1853 —-
576 1806 705 1870 Καὶ
765 1807 921 1891 μετὰ
984 1807 1250 1890 ἄρσενος
1311 1810 1388 1872 οὗ
1447 1810 1817 1892 κοιμηθήσῃ
1880 1809 2096 1891 κοίτην
2152 1832 2361 1891 γυναι·

300 1916 495 1989 κείαν,
539 1914 866 1998 βδέλυγμα
914 1916 1036 1999 γάρ
1081 1916 1257 1979 ἐστιν.
1306 1952 1389 1961 -
1423 1916 1565 1979 Vss
1621 1916 1907 1980 199-206
1959 1915 2038 1979 de
2086 1917 2362 1998 conjuge

303 2022 600 2105 eligendo
647 2028 873 2105 agunt.
922 2022 1030 2085 Vs.
1068 2023 1192 2084 199
1239 2024 1424 2104 juxta
1468 2024 1652 2087 Prov.
1700 2023 1884 2105 XXI,
1913 2025 1985 2086 9:
2022 2061 2098 2068 —
2139 2022 2363 2106 Κρεῒσ-

305 2154 423 2194 σον
469 2131 663 2194 οἰκεῖν
707 2130 808 2193 ἐπὶ
852 2130 1086 2212 γωνίας
1130 2130 1475 2214 ὑπαίθρου,
1530 2134 1570 2214 ἢ
1637 2132 2154 2214 κεκονιασμένοις
2209 2130 2364 2214 μετὰ

301 2236 551 2307 ἀόικίας
594 2236 703 2299 καὶ
745 2236 814 2300 ἐν
859 2237 1022 2319 οἴκῳ
1053 2244 1272 2321 κοινῷ.
1307 2274 1392 2283 --
1426 2237 1567 2300 Vss.
1603 2238 1727 2301 207
1735 2238 1844 2301 -17
1883 2241 2108 2301 mutua
2136 2256 2364 2321 paren-

300 2350 440 2408 tum
461 2344 876 2426 filiorumque
909 2344 1129 2408 officia
1160 2350 1574 2429 pertractant3
1610 2366 1730 2409 vss.
1758 2347 1962 2410 208-‘3
1990 2346 2071 2408 ad
2094 2347 2364 2410 verbum

305 2470 341 2514 e
386 2450 575 2513 Deut.
623 2449 808 2532 XXI,
830 2451 925 2512 *16
959 2455 1024 2513 et
1067 2469 1241 2532 seqq.
1289 2451 1689 2514 derivantur:
1733 2489 1816 2496 -—
1869 2452 2013 2517 Ἐὰν
2059 2452 2132 2516 ὁέ
2167 2477 2277 2517 τινι
2321 2450 2366 2536 ᾗ

218 2622 221 2623 ⁷
305 2559 440 2629 υἱὸς
486 2559 756 2641 ἀπειθῆς
784 2557 894 2621 καὶ
923 2558 1280 2641 ἕρεθισθὴς,
1331 2560 1449 2642 οὐχ
1479 2560 1838 2624 ὑπακούων
1867 2559 2096 2643 φωνὴν
2127 2559 2369 2644 πατρὸς

305 2666 413 2731 καὶ
442 2666 673 2750 φωνὴν
704 2665 961 2749 μητρὸς,
992 2666 1101 2729 καὶ
1129 2667 1517 2731 παιόεύωσιν
1547 2666 1756 2741 αὐτὸν,
1786 2668 1896 2731 καὶ
1922 2667 2015 2751 μὴ
2064 2668 2363 2750 εἶσακούῃ

308 2776 535 2847 αὐτῶν,
554 2811 638 2818 —-
660 2774 741 2836 19
765 2811 846 2820 ——
863 2773 974 2838 καὶ
1003 2774 1414 2857 συλλαβόντες
1443 2774 1636 2839 αὐτὸν
1665 2776 1703 2838 ὁ
1732 2775 1941 2858 πατὴρ
1965 2776 2178 2849 αὐτοῦ,
2202 2776 2367 2858 καὶὴ

305 2885 512 2968 μήτηρ
537 2883 732 2946 αὐτοῦ
761 2883 871 2946 καὶ
898 2883 1227 2957 ἐξάξουσιν
1256 2884 1447 2947 αὐτὸν
1463 2884 1501 2946 ὁ
1523 2883 1732 2966 πατὴρ
1757 2885 1951 2948 αὐτοῦ
1975 2884 2085 2948 καὶ
2100 2885 2140 2967 ἡ
2156 2885 2365 2967 μήτηρ

306 2992 517 3055 αὐτοῦ.
565 2990 666 3054 ἐπὶ
709 2990 821 3073 τὴν
867 2991 1202 3074 γερουσίαν
1230 2998 1339 3075 τῆς
1367 2991 1619 3063 πόλεως
1653 2992 1848 3055 αὐτοῦ
1882 2995 2048 3056 κ.τ.λ.
2085 3030 2166 3037 -
2202 3012 2366 3074 quae

313 3122 340 3155 α
379 3098 676 3182 γερουσία
722 3103 831 3180 τῆς
872 3097 1124 3167 πόλεως
1158 3123 1186 3155 >>
1238 3097 1570 3161 lucutione
1617 3122 1645 3155 «
1683 3099 2102 3182 πρεσβύτατοι
2152 3105 2367 3181 γενεῆς

304 3206 344 3287 ἢ
392 3205 853 3288 δημογέροντες
882 3230 910 3263 >>
949 3204 1285 3268 manifeste
1318 3205 1621 3267 translata
1655 3210 1765 3267 est.
1801 3205 1942 3267 Vss,
1979 3206 2179 3268 2103
2215 3224 2366 3268 eon-

305 3311 407 3375 fer
451 3331 601 3375 cum
647 3311 763 3375 Sir.
811 3312 955 3393 VH,
1002 3313 1085 3375 25
1135 3331 1324 3394 seqq:
1361 3349 1443 3356 -—
1477 3313 1664 3377 τέκνα
1712 3313 1816 3376 σοί
1840 3313 1979 3385 ἐστι,
2022 3311 2366 3376 παίδευσον

306 3423 483 3496 αὐτὰ,
537 3423 647 3486 καὶ
690 3423 958 3506 κάμψον
1002 3424 1074 3486 ἐκ
1098 3422 1409 3505 »νεότητος
1453 3421 1562 3486 τὸν
1605 3422 1918 3506 τράχηλον
1962 3421 2188 3484 αὐτῶν·
2244 3421 2363 3483 ’θυ-

306 3530 560 3614 γατέρες
604 3530 710 3593 σοί
748 3531 916 3604 εἰσιν,
960 3528 1236 3612 πρόσεχε
1279 3534 1372 3612 τῷ
1417 3530 1665 3612 σώματι
1710 3529 1939 3600 αὐτῶν,
1971 3527 2081 3590 καὶ
2109 3527 2199 3610 μὴ
2234 3527 2362 3590 ἱλα-

305 3639 525 3722 ρώσῃς
568 3637 733 3722 πρὸς
777 3637 970 3709 αὐτὰς
1012 3636 1123 3701 τὸν
1164 3636 1522 3720 πρόσωπόν
1570 3659 1703 3700 σου.
1734 3635 2011 3699 Versum
2045 3635 2171 3697 215
2219 3654 2368 3698 cum

307 3747 547 3811 Sirach.
607 3744 856 3827 XXVI,
921 3746 1004 3809 10
1065 3763 1254 3826 seqq:
1304 3781 1388 3789 ——
1437 3743 1579 3806 Ἐπὶ
1627 3742 1914 3826 ’θυγατρὶ
1974 3742 2366 3826 ἀόιατρέπτῳ

308 3855 660 3938 στερέωσον
705 3852 1018 3939 φυλακὴν,
1043 3853 1143 3916 ἵνα
1186 3850 1277 3935 μὴ
1326 3851 1602 3934 εὗροῢσα
1649 3852 1856 3915 ἄνεσιν
1908 3851 2099 3934 ἑαυτῇ·
2129 3852 2364 3935 χρήση-

307 3989 421 4029 ται.
455 4002 541 4009 -
573 3963 714 4028 Vss.
764 3965 888 4027 217
897 3964 1004 4026 -27
1044 3982 1208 4045 quae
1240 3963 1477 4042 amieiS,
1513 3961 1792 4043 senibuS,
1825 3962 2153 4043 servisque
2187 3978 2370 4044 prae—
