2961 4616
473 431 649 508 Quae
697 451 843 495 cum
890 432 980 494 ita
1024 431 1168 511 sint,
1231 450 1359 493 non
1420 450 1543 493 vss‚
1595 433 1702 494 3-7
1757 435 2004 494 tantum
2052 431 2336 495 Pseudo-

284 538 614 622 phocylidi
661 536 1050 618 tribuendOS,
1097 556 1325 600 verum
1388 538 1580 601 etiam
1643 537 1893 600 duobus
1950 538 2335 621 primoribus

284 646 577 710 versibus
623 665 806 708 suam
851 644 1050 708 fidem
1099 649 1388 708 constare
1436 663 1791 726 censemUS,
1826 645 2060 727 quibus
2109 647 2334 709 carmi-

284 755 387 816 nis
434 755 704 836 scriptor
748 752 871 815 sibi
917 759 1139 835 poetae
1187 752 1423 816 Milesii
1454 773 1689 816 nomen
1722 753 2116 835 adscivisset,
2165 753 2336 835 quod

287 862 479 924 etiam
524 860 832 941 BernayS‚
883 861 1174 941 quamvis
1218 862 1457 943 primos
1514 861 1657 923 illos
1707 880 1928 924 versus
1993 868 2335 944 expungat,

291 988 402 1050 pro
448 972 620 1030 certo
668 967 873 1030 habet.
925 965 1018 1029 Ne
1068 973 1280 1030 tamen
1326 968 1497 1031 dicat
1539 967 1845 1049 BernayS,
1893 966 2038 1031 ideo
2084 968 2337 1050 Phocy-

292 1076 433 1138 lidis
478 1076 740 1139 nomine
791 1081 1017 1159 poema
1064 1081 1445 1138 exornatum
1490 1076 1692 1139 fuisse
1737 1076 1907 1158 quod
1942 1077 2047 1140 hic
2080 1095 2337 1158 quoque

289 1184 560 1266 scriptor
603 1182 780 1245 nullo
825 1183 961 1246 fere
1009 1183 1268 1246 vinculo
1326 1183 1496 1246 inter
1540 1202 1609 1246 se
1656 1189 1801 1266 apta
1851 1183 2139 1264 ediderit,
2186 1203 2337 1247 nam

289 1289 687 1354 censendum
735 1295 832 1352 est
883 1314 910 1347 «
941 1290 1186 1372 ποίημα
1219 1289 1606 1373 νουθητικόν
1633 1315 1660 1347 >>
1701 1310 1739 1353 a
1776 1314 1803 1347 «
1831 1290 2279 1374 διανοημάτοις
2303 1315 2331 1348 >>

289 1397 541 1478 antiqui
586 1395 821 1458 Milesii
866 1414 1124 1477 prorsus
1170 1395 1469 1477 alienum,
1519 1396 1647 1477 qui,
1680 1397 2037 1479 praeceptis
2068 1396 2338 1478 singulis

291 1523 526 1566 nomen
574 1523 762 1566 suum
808 1522 1227 1586 praeponenS,
1272 1503 1540 1585 singula,
1596 1504 2001 1585 paucissimis
2049 1503 2341 1567 versibus

293 1612 769 1694 comprehensa,
817 1612 1158 1692 sejunctim
1204 1612 1645 1694 proposuerit:
1713 1610 1823 1673 cfr.
1883 1610 2066 1674 Dion.
2117 1611 2338 1693 Chrys.

295 1718 632 1802 (XXXVI,
680 1718 727 1800 I,
774 1718 858 1798 Π,
909 1720 1076 1801 505).
1139 1717 1359 1789 Οὕτως
1404 1720 1583 1802 ἔφην,
1645 1719 1755 1782 καὶ
1807 1725 1919 1782 τοῦ
1974 1719 2338 1783 Φακυλίδου

291 1828 612 1909 ποιήσεως
655 1828 852 1899 ἔξεστί
876 1850 975 1889 σοι
1006 1826 1218 1909 λαβεῖν
1265 1826 1487 1909 δεῖγμα
1521 1827 1587 1891 ἐν
1616 1828 1857 1910 βραχεῖ,
1886 1826 1996 1890 καὶ
2027 1828 2147 1909 γάρ
2179 1828 2337 1891 ἔστιν

293 1937 371 1999 οὗ
417 1940 546 1998 τῶν
588 1934 849 2017 μακράν
907 1958 1038 1998 τινα
1085 1934 1195 1998 καὶ
1240 1942 1471 2018 συνεχῆ
1500 1936 1749 2017 ποίησιν
1795 1934 2112 2016 εἰρόντων,
2162 1936 2255 2005 ὡς
2293 1936 2331 1999 ὁ

293 2044 600 2126 ὑμέτερος
643 2043 796 2123 μίαν
842 2043 989 2125 ἑξῆς
1035 2042 1278 2115 διέξεισι
1322 2043 1537 2125 μάχην
1590 2043 1657 2107 ἐν
1701 2043 1975 2106 πλείοσιν
2033 2046 2071 2125 ἢ
2118 2066 2338 2106 πεντα-

294 2150 610 2231 κιςχιλίοις
656 2150 876 2232 ἔπησιν
922 2149 1076 2213 ἀλλὰ
1123 2149 1285 2212 κατὰ
1342 2149 1461 2213 δύο
1507 2149 1617 2213 καὶ
1661 2151 1797 2233 τρία
1845 2151 1964 2233 ἔπη
2014 2151 2189 2232 αὐτῷ
2232 2149 2342 2213 καὶ

295 2255 505 2339 ἀρχὴν
535 2256 574 2339 ἡ
620 2257 870 2339 ποίησις
899 2255 1011 2320 καὶ
1039 2258 1242 2340 πέρας
1272 2256 1598 2340 λαμβάνει,
1631 2257 1793 2320 ὥστε
1822 2257 1932 2320 καὶ
1961 2257 2339 2341 προστίθησι

294 2364 366 2427 τὸ
414 2365 622 2447 ὄνομα
680 2365 875 2428 αὑτοῦ
921 2363 1079 2428 καθ’
1135 2365 1406 2428 ἕκαστον
1454 2364 1790 2448 διανόημα,
1838 2367 1943 2428 ἅτε
1989 2364 2342 2429 σπουδαῖον

295 2471 406 2535 καὶ
450 2472 689 2535 πολλοῦ
735 2472 914 2544 ἄξιον
959 2472 1318 2555 ἡγούμενος
1367 2498 1425 2536 κ.
1472 2496 1521 2535 τ.
1569 2473 1619 2535 λ.

1271 2635 1386 2698 ΙΠ.

477 2779 822 2845 Existimat
867 2779 1151 2862 Scaliger
1195 2781 1273 2862 (p.
1323 2779 1405 2840 95
1458 2799 1555 2861 op.
1605 2779 1732 2860 cit.)
1780 2798 2003 2841 versus
2054 2779 2251 2841 loo-8
2287 2799 2299 2840 :

354 2912 381 2944 «
403 2886 494 2970 μὴ
519 2888 764 2970 τύμβον
787 2887 1124 2969 φθιμένων
1152 2887 1488 2970 ἀνορύξῃς,
1516 2888 1651 2970 μηδ
1668 2888 1934 2950 ’ἀθέατα

348 2994 555 3076 δείξῃς
599 2993 787 3076 ἠελίῳ
831 2992 941 3057 καὶ
988 2992 1321 3076 δαιμόνιον
1367 2994 1564 3077 χόλον
1611 2994 1825 3077 ὄρσῃς.

347 3101 426 3165 οὗ
471 3100 673 3163 καλὸν
719 3101 1030 3182 ἁρμονίην
1075 3101 1424 3181 ἀναλυέμεν
1472 3101 1870 3183 ἀνθρώποιο.

345 3209 456 3272 καὶ
499 3209 655 3291 τάχα
703 3208 762 3272 δ’
797 3209 868 3271 ἐκ
917 3210 1096 3292 γαίης
1140 3209 1470 3291 ἐλπίζομεν
1517 3210 1582 3280 ἔς
1626 3210 1794 3292 φάος
1839 3208 2043 3272 ἐλθεῖν

347 3318 586 3401 λείψαν’
636 3317 1101 3400 ἀποιχομένων·
1149 3317 1353 3380 ὀπίσω
1403 3316 1472 3379 δὲ
1518 3316 1661 3380 ’θεοὶ
1702 3317 2071 3380 τελέθονται.

349 3424 550 3507 ψυχαὶ
597 3425 717 3506 γάρ
760 3424 1098 3506 μίμνουσιν
1144 3425 1394 3508 ἀκήριοι
1442 3424 1509 3487 ἒν
1556 3424 1955 3507 φθιμένοισιν

348 3539 601 3614 πνεῦμα
654 3534 773 3615 γάρ
821 3534 941 3600 ἐστι
986 3533 1147 3597 ’θεοῦ
1191 3539 1412 3616 χρῆσις
1456 3534 1739 3616 θνητοῖσι
1783 3531 1909 3619 καί
1936 3531 2145 3594 εἰκών.

356 3646 546 3724 σῶμα
597 3641 717 3723 γὰρ
765 3641 836 3703 ἔκ
886 3641 1065 3725 γαίης
1110 3642 1356 3724 ἔχομεν,
1403 3640 1664 3703 κάπειτα
1695 3636 1860 3719 πρὸς
1904 3636 2099 3720 αὐτὴν

351 3749 650 3831 λυόμενοι
678 3748 856 3821 κόνις
885 3749 1088 3830 ἐσμέν·
1121 3749 1246 3833 ἀὴρ
1281 3748 1460 3812 δ’ἀνὰ
1505 3753 1755 3829 πνεῦμα
1806 3744 2105 3809 δέδεκται.
2138 3769 2166 3802 >>

302 3859 652 3923 christiano
700 3858 943 3921 homini
974 3858 1177 3940 magis
1224 3877 1414 3939 quam
1445 3856 1675 3939 judaeo
1711 3855 2071 3935 convenire,
2107 3858 2171 3916 at
2205 3871 2353 3915 vero

303 3988 430 4031 vss‚
454 3967 653 4030 loo-2
671 3969 1081 4049 praeceptum
1097 3965 1370 4048 tradunt,
1392 3964 1564 4046 quod
1588 3967 1683 4027 est
1696 3964 1764 4025 in
1782 3961 1942 4024 libro
1960 3960 2149 4025 Num.
2172 3960 2355 4045 xlx,
