2961 4616
1447 318 1514 324 -
1554 285 1623 338 42
1663 318 1729 325 .-

564 397 789 478 fuerat,
837 398 932 461 sio
978 397 1099 459 ait:
1157 421 1184 453 «
1210 394 1485 466 πολλοὺς
1530 397 1742 459 αὐτῶν
1787 397 1872 467 εἷς
1916 395 1988 460 τὰ
2035 397 2317 481 φρούρια
2346 399 2615 462 καταλο-

562 506 759 589 χίσας,
803 504 913 569 καὶ
956 510 1083 575 τοῖς
1126 503 1502 568 Μακεδόσιν
1542 505 1609 567 ἓν
1630 504 2067 590 Ἀλεξανδρείᾳ
2092 506 2365 588 ποιήσας
2395 508 2613 571 ἰσοπο-

563 613 746 687 λίτας,
793 613 1033 696 ὅρκους
1077 612 1262 694 ἔλαβε
1306 612 1456 694 παρ’
1506 612 1717 675 αὐτῶν
1761 636 1820 674 κ.
1866 635 1915 675 τ.
1980 613 2031 675 λ.
2064 636 2133 693 ›>;
2198 615 2393 677 immo
2454 635 2614 691 non-

562 720 774 783 nullos
819 720 1204 783 Iudaeorum
1250 718 1404 782 illue
1434 720 1686 782 venisse
1720 719 1821 782 vel
1854 718 2135 784 bonitate
2166 721 2284 784 soli
2318 721 2420 785 vel
2451 721 2610 785 libe-

564 827 810 891 ralitate
841 826 1193 890 Ptolomaei
1225 826 1518 890 allectos:
1561 852 1588 884 «
1620 827 1741 890 οὗκ
1767 827 1961 909 ὀλίγοι
2001 826 2217 891 δὀὒδὲ
2244 833 2374 892 τῶν
2404 828 2617 892 ἄλλων

556 933 886 998 Ἰουδαΐων
926 934 1235 1004 ἑκουσίως
1279 934 1363 1001 εἷς
1407 933 1521 1016 τὴν
1566 935 1887 1016 Αἴγυπτον
1930 935 2352 1017 παρεγένοντο
2396 941 2505 1018 τῆς
2552 960 2617 999 τε

565 1043 788 1126 ἀρετῆς
830 1046 959 1106 τῶν
1002 1042 1219 1106 τόπων
1265 1043 1457 1125 αὐτῆς
1501 1042 1610 1108 καὶ
1653 1048 1761 1125 τῆς
1804 1048 1932 1106 τοῦ.
1988 1041 2389 1124 Πτολεμαίου
2434 1044 2613 1127 φιλο-

564 1151 767 1233 τιμίας
809 1150 1390 1242 προςκαλουμένης.
1424 1150 1647 1215 Strabo
1687 1150 1945 1233 (Histor.
1979 1150 2046 1214 L.
2080 1150 2258 1232 XIV,
2292 1171 2343 1215 o.
2376 1151 2519 1233 VII,
2554 1152 2619 1231 2)

514 1280 519 1285 ·
566 1260 725 1322 haee
770 1259 990 1322 habet:
1034 1283 1061 1316 «
1261 1259 1328 1321 ἐν
1360 1263 1517 1341 γοῦν
1547 1258 1849 1340 Αἰγύπτῳ
1878 1259 2165 1322 κατοικία
2205 1263 2334 1322 τῶν
2370 1253 2617 1322 Ἰουδα-

564 1365 682 1429 ΐων
712 1365 869 1430 ἐστὶν
911 1364 1426 1448 ἀποδεδειγμένη,
1457 1365 1657 1449 χωρὶς
1685 1365 1795 1428 καὶ
1837 1372 1946 1447 τῆς
1988 1369 2118 1428 τῶν
2146 1365 2617 1449 Ἀλεξανδρέων

564 1473 815 1544 πόλεως
858 1473 1184 1556 ἀφώριστο
1228 1474 1392 1555 μέγα
1437 1473 1638 1556 μέρος
1670 1478 1762 1554 τῷ
1792 1473 1962 1536 ἔθνει
1990 1473 2210 1555 τούτῳ.
2242 1473 2615 1537 καθίσταται

567 1581 637 1644 δὲ
681 1581 792 1644 καὶ
834 1581 1154 1664 ἐθνάρχης
1199 1581 1428 1654 αὐτῶν,
1475 1582 1548 1651 ὃς
1593 1580 1819 1644 διοικεῖ
1853 1604 1917 1644 τε
1946 1579 2016 1644 τὸ
2047 1581 2239 1651 ἔθνος
2268 1580 2379 1644 καὶ
2410 1581 2613 1664 διαιτᾷ

564 1689 814 1771 κρίσεις,
858 1688 970 1753 καὶ
1016 1689 1426 1772 συμβολαίων
1469 1688 1835 1770 ἐπιμελεῖται
1893 1689 2003 1752 καὶ
2061 1689 2611 1772 πρωσταγμάτων,

571 1798 666 1869 ὡς
706 1799 785 1861 ἂν
829 1797 1137 1868 πολιτείας
1179 1797 1401 1880 ἄρχων
1445 1796 1829 1867 αὐτοτελοῦς.
1877 1796 1944 1860 ἕν
1988 1796 2290 1879 Αἰγύπτῳ
2333 1796 2452 1879 μὲν
2498 1794 2615 1860 οὖν

571 1907 785 1990 ἴσχυσε
814 1904 884 1969 τὸ
909 1906 1100 1975 ἔθνος
1117 1930 1286 1967 ......
1337 1905 1463 1968 κτλ.
1514 1904 1624 1967 cfr.
1673 1904 1834 1967 Phil.
1871 1923 1921 1967 o.
1963 1905 2087 1966 523
2123 1909 2343 1967 eontra
2373 1903 2613 1967 Flaoe.:

570 2052 653 2059 —
691 2015 730 2097 ἡ
762 2013 943 2084 πόλις
970 2012 1308 2095 οἰκήτορας
1337 2013 1461 2094 ἔχει
1494 2009 1731 2081 διττοὺς
1760 2012 1929 2094 ἡμᾶς
1959 1997 2023 2075 τε
2051 2010 2160 2075 καὶ
2203 2012 2464 2082 τούτους
2507 2011 2619 2074 καὶ

570 2128 743 2186 πᾶσα
773 2123 1106 2204 Αἴγυπτος,
1153 2119 1261 2184 καὶ
1307 2119 1399 2183 ὅτι
1445 2120 1565 2183 οὐκ
1614 2120 1956 2184 ἀποδέουσι
1999 2119 2335 2202 μυριάδων
2388 2118 2617 2183 ἑκατὸν

564 2234 633 2295 οἱ
673 2238 784 2315 τῆν
820 2229 1293 2314 Ἀλεξάνδρειαν
1336 2229 1446 2292 καὶ
1488 2228 1600 2312 τὴν
1646 2229 1870 2313 χώραν
1903 2228 2198 2293 Ἰουδαῖοι
2238 2233 2611 2292 κατοικοῦν-

562 2364 668 2411 τες
699 2389 995 2403 .......
1026 2339 1151 2401 525
1184 2339 1365 2402 πέντε
1393 2342 1612 2420 μοῖραι
1640 2344 1749 2420 τῆς
1775 2336 2027 2408 πόλεώς
2056 2338 2207 2414 εἰσιν
2237 2375 2338 2419 -,
2368 2337 2615 2402 τούτων

568 2447 687 2512 δύο
725 2446 1065 2511 Ἰονδαῖκαὶ
1116 2447 1413 2529 λέγονται,
1478 2444 1580 2510 διὰ
1639 2444 1710 2509 τὸ
1768 2445 2090 2516 πλείστους
2136 2444 2486 2516 Ἰουδαίους
2548 2446 2615 2510 ἕν

572 2554 813 2625 ταύταις
857 2559 1184 2618 κατοικεῖν.
1233 2554 1477 2617 οἰκοῦσι
1523 2552 1592 2615 δὲ
1622 2551 1732 2615 καὶ
1762 2551 1829 2615 ἕν
1857 2557 1988 2626 ταῖς
2013 2551 2225 2621 ἄλλαις
2256 2552 2375 2615 οὐκ
2423 2552 2617 2634 ὀλίγοι

568 2661 900 2742 σποράδες.
949 2698 1032 2706 --
1064 2660 1148 2723 Et
1178 2661 1289 2742 qui
1320 2660 1505 2742 plura
1537 2658 1616 2723 de
1639 2659 2024 2722 ludaeorum
2057 2658 2423 2723 conditione
2452 2661 2617 2723 scire

568 2771 722 2852 vult,
768 2770 1052 2853 perlegat
1097 2789 1229 2851 cap.
1277 2769 1318 2830 4
1363 2767 1500 2831 Lib.
1546 2768 1611 2831 11
1656 2767 1776 2831 Ios,
1809 2766 1978 2830 Flav.
2012 2767 2159 2830 Ant
2190 2766 2330 2830 Iud.
2365 2767 2474 2830 ubi
2510 2768 2619 2831 de-

569 2878 938 2942 seribuntur
980 2878 1122 2958 jura
1168 2895 1242 2939 ao
1288 2874 1623 2958 privilegia
1668 2875 1925 2938 Iudaeis
1972 2894 2276 2938 concessa
2335 2875 2413 2937 ab
2470 2874 2621 2938 Ale-

564 2985 810 3049 xandro
856 2983 1106 3066 MagnO,
1152 2983 1520 3047 Ptolomaeo
1567 2982 1741 3066 Lagi,
1783 2982 2146 3046 Ptolomaeo
2177 2981 2618 3065 Philadelpho,

570 3093 681 3175 qui
725 3095 1060 3176 postremo,
1109 3095 1239 3154 tota
1283 3090 1470 3172 Syria
1514 3091 1579 3151 vi
1628 3095 1692 3154 et
1736 3090 1928 3153 armis
1975 3095 2284 3172 occupata
2332 3114 2359 3147 «
2386 3089 2463 3153 οὗ
2493 3095 2623 3160 τοῖς

573 3201 640 3264 ἕν
683 3199 986 3282 Αἰγύπτῳ
1030 3198 1207 3268 θεοῖς
1250 3197 1617 3280 χαριστήρια
1649 3202 1758 3280 τῆς
1802 3197 1980 3280 νίκης
2010 3197 2256 3270 ἔθυσεν,
2280 3194 2454 3275 ἀλλὰ,
2499 3219 2622 3258 πα-

570 3306 996 3390 ραγενόμενος
1040 3307 1125 3376 εἰς
1175 3303 1604 3387 Ἰεροσόλυμα,
1664 3302 1917 3377 πόλλάς,
1982 3304 2075 3375 ὡς
2134 3305 2284 3387 ἡμῖν
2345 3302 2621 3386 νομιμόν

567 3416 744 3488 ἐστιν,
775 3412 1086 3478 ἐπετέλεσε
1116 3411 1345 3482 θυσίας
1370 3417 1464 3492 τῷ
1516 3409 1680 3492 Θεῷ,
1728 3410 1835 3474 καὶ
1877 3411 2191 3494 ἀνέθηκεν
2234 3411 2619 3494 ἀναθήματα

564 3527 673 3604 τῆς
713 3521 892 3603 νίκης
938 3520 1099 3594 ἄξια.
1147 3520 1222 3601 (o.
1271 3519 1329 3600 4,
1376 3518 1482 3599 Π.)
1530 3555 1611 3564 -
1663 3517 2006 3582 Praeterea
2058 3537 2279 3581 versus
2332 3516 2620 3581 Pseudo-

567 3627 930 3712 phoeylidis
980 3627 1275 3691 loo—2:

703 3773 785 3781 —
818 3734 909 3817 μὴ
941 3734 1173 3817 τύνβον
1199 3732 1537 3815 φθιμένων
1568 3732 1902 3816 ἀνορύξῃς,
1932 3732 2089 3814 μηδ’
2125 3731 2366 3795 ἀθέατα

706 3843 914 3926 δείξῃς
943 3842 1150 3925 ἠελίῳ,
1181 3839 1290 3904 καὶ
1322 3839 1654 3923 δαιμόνιον
1683 3839 1876 3923 χόλον
1906 3841 2118 3922 ὄρσῃς.

707 3949 784 4013 οὗ
813 3947 1014 4013 καλὸν
1045 3947 1358 4031 ἁρμονίην
1388 3946 1738 4029 ἀναλύεμεν
1767 3946 2145 4029 ἀνθρώποιο
2178 3985 2261 3993 --
