2961 4616
1440 384 1507 391 -
1550 351 1615 404 12
1655 383 1720 390 -.

554 465 868 529 conflatus
900 467 996 527 est
1040 465 1135 545 (ut
1177 462 1468 545 plurimis
1516 461 1797 538 eruditiS,
1830 460 2021 524 hodie
2052 458 2390 543 probatur),
2429 478 2608 542 prae-

562 572 938 637 cedentibus
1003 571 1225 635 saltem
1280 569 1554 634 saeculis
1614 569 2120 651 Pseudophocyl.
2176 568 2441 650 γνώμας
2504 569 2613 630 tri-

566 681 888 744 buendas:

783 787 843 872 γ)
887 786 1034 850 Non
1079 786 1267 849 modo
1316 804 1435 847 vss,
1486 784 1641 847 5-99
1688 783 2307 866 Pseudophocylidis
2334 785 2613 866 interpo-

555 896 735 977 lasse,
784 895 897 959 sed
943 895 1134 958 etiam
1181 893 1336 956 alios
1383 911 1607 956 versus
1660 892 1977 954 imitatum
2040 909 2178 955 esse
2240 892 2612 974 scriptorem

558 1000 826 1064 secundi
895 998 1115 1081 Sibyll.
1175 998 1340 1080 libri,
1405 996 1578 1080 quod
1636 997 1915 1061 maxime
1978 996 2058 1060 ad
2117 1016 2338 1061 eorum
2412 995 2614 1061 fidem

557 1108 727 1171 facit.

738 1214 1026 1302 Bernays
1074 1235 1112 1277 a
1147 1214 1432 1295 ,quodam
1478 1213 1821 1295 byzantino
1853 1213 2262 1304 grammatico
2296 1212 2456 1276 duos
2486 1212 2613 1294 pri-

560 1337 768 1385 mores
815 1341 1039 1386 versus
1074 1321 1556 1385 ‘consarcinatos
1602 1324 1796 1403 putat,
1845 1320 2112 1402 eiusque
2151 1322 2467 1384 sententia
2512 1321 2611 1383 his

557 1427 840 1492 roborari
885 1429 1275 1511 argumentis
1319 1431 1562 1510 potest:

777 1537 842 1618 α)
885 1535 1100 1599 Huius
1147 1534 1396 1598 exordii
1442 1534 1640 1597 oratio
1689 1533 1875 1597 exilis
1923 1538 2020 1597 est
2072 1540 2135 1598 et
2188 1534 2399 1597 verbis
2441 1536 2611 1598 satis

554 1643 874 1726 languidis
928 1646 1241 1723 contexta„
1290 1641 1443 1704 dum
1497 1645 1721 1723 poema
1767 1645 2098 1705 venustate
2154 1641 2427 1723 quadam
2479 1662 2610 1705 non

558 1757 744 1817 caret.

776 1861 841 1943 β)
892 1860 960 1924 Si
1006 1860 1199 1922 huius
1244 1858 1552 1941 poematis
1596 1857 1865 1939 scriptor
1893 1858 2051 1940 (ipse
2082 1856 2372 1939 Bernays
2404 1859 2512 1940 ait)
2542 1875 2611 1922 se

563 1993 591 2025 «
639 1967 1019 2050 Φωκυλίδην
1062 1966 1322 2048 ’ἀνδρῶν
1366 1963 1475 2029 τὸν
1521 1965 1895 2047 σοφώτατον
1929 1989 1957 2023 >>
2019 1965 2409 2048 appellasset,
2471 1967 2608 2048 ipse

555 2075 864 2156 fraudem,
913 2093 1104 2156 quam
1151 2076 1319 2136 esset
1363 2072 1636 2153 molitUS,
1685 2076 1916 2154 aperte,
1963 2072 2155 2134 nimis
2217 2072 2487 2135 candide
2534 2092 2609 2137 ac

559 2181 712 2243 satis
758 2180 1119 2244 inconsulte
1163 2179 1490 2262 professus
1537 2184 1719 2242 esset.

781 2289 841 2371 γ)
902 2288 1090 2352 Unus
1155 2305 1237 2351 ex
1301 2285 1503 2351 tribus
1559 2286 1888 2350 codicibus
1948 2286 2387 2351 Ambrosianis
2450 2286 2610 2351 duos

558 2395 868 2477 primores
912 2413 1136 2457 versus
1181 2392 1515 2456 intervallo
1563 2394 1839 2474 quodam
1885 2413 1923 2456 a
1967 2394 2232 2475 reliquis
2279 2393 2609 2457 distinctos

561 2502 836 2585 praebet.
883 2502 1088 2564 Immo
1133 2502 1201 2563 in
1248 2501 1369 2563 isto
1406 2500 1627 2564 codice
1661 2501 1768 2563 alii
1799 2519 2021 2564 versus
2051 2501 2310 2583 jambici
2341 2502 2410 2563 in
2441 2502 2609 2565 Pho-

568 2609 798 2691 cylidis
846 2609 1162 2672 honorem·
1198 2606 1588 2671 antecedunt
1622 2608 1682 2689 1).
1731 2607 1938 2690 Igitur
1965 2607 2255 2689 Bernays
2288 2628 2545 2673 carmen
2576 2630 2615 2672 a

568 2736 759 2780 versu
809 2718 846 2779 3
895 2716 1153 2779 initium
1200 2735 1425 2798 capere
1467 2716 1778 2799 opinatur.

746 2823 1094 2905 Bernardy‚
1152 2823 1383 2886 Geram
1438 2829 1503 2887 et
1548 2824 1655 2886 alji
1704 2823 1937 2887 eruditi
1984 2827 2187 2887 totum
2239 2824 2609 2906 proemium,

562 2931 729 2995 idest
778 2935 1021 3013 septem
1066 2932 1377 3014 primores
1425 2950 1649 2994 versus
1697 2930 2090 3012 abjiciendos
2127 2930 2389 3012 malunt„
2419 2935 2610 3012 atque

567 3044 792 3122 poema
841 3058 1028 3102 versu
1075 3040 1114 3101 8
1164 3077 1247 3084 —
1295 3042 1520 3120 πρῶτα
1566 3036 1724 3102 θεὸν
1767 3038 1932 3120 τίμα,
1985 3038 2304 3120 μετέπειτα
2354 3037 2423 3101 δὲ
2481 3042 2610 3102 σεῖο

736 3471 776 3538 ¹)
816 3502 882 3508 —
921 3472 1101 3539 Στίχοι
1138 3471 1211 3529 εἷς
1248 3468 1336 3522 τὸν
1381 3467 1699 3536 Φωκυλίδην
1738 3496 1803 3504 —-

796 3562 858 3617 Ὁ
900 3561 1217 3628 Φωκυλίδης
1253 3559 1486 3626 εὐπρεπῆ
1522 3560 1682 3626 ζῆσας
1717 3559 1835 3626 βίον

804 3652 878 3711 ὡς
914 3652 1302 3720 χριςτομύστης,
1340 3650 1415 3709 ὥς
1451 3649 1732 3709 ἀπόστολος
1768 3649 1945 3719 μέγας,

808 3741 883 3801 ὥς
920 3740 1328 3810 ἀκροατὴςωτῶν
1371 3740 1508 3795 Θεοῦ
1546 3740 1885 3808 θεπισμάτων

804 3830 896 3883 καὶ
932 3829 1268 3899 μυσταγωγὸς
1309 3837 1414 3883 τῶν
1449 3829 1676 3897 ἀρίστων
1710 3828 2004 3897 πρακτέων,

718 3934 721 3937 “
807 3920 1154 3989 εὐαγγελικῶς
1191 3927 1348 3973 ταῦτα
1384 3919 1542 3981 λαλεῖ,
1581 3918 1672 3971 καὶ
1708 3918 1913 3987 γράφει,

812 4008 1071 4078 εὔχρηστα
1110 4009 1422 4079 τυγχάνοντα
1459 4016 1564 4068 τοῖς
1600 4007 1657 4061 ἐν
1693 4016 1770 4077 τῷ
1791 4008 1913 4077 βίῳ.

920 4306 2166 4586 nc.
