2961 4616
1518 332 1584 338 -
1625 299 1695 355 36
1735 323 1800 342 .-

632 410 1060 474 eonferendus
1108 416 1204 474 est
1250 430 1397 474 eum
1447 431 1503 473 v,
1551 411 1679 474 215
1729 430 1898 494 segg.
1944 412 2366 494 Theognidis:

766 518 1078 583 Πολύπου
1126 519 1327 602 ὀργὴν
1372 521 1506 603 ἴσχε
1550 520 1982 596 πολυπλόκου,
2030 522 2101 592 ὃς
2143 521 2286 584 ποτὶ
2327 523 2547 605 πέτρῃ.

766 632 842 709 τῇ
884 627 1339 710 προςομιλήσῃ,
1385 634 1558 698 τοῖος
1602 628 1754 692 ι’ὀεῖν
1799 629 2020 713 ἐφάνη.

764 733 908 797 Νῦν
951 734 1070 817 μὲν
1113 733 1248 817 τῇδ’
1297 734 1541 817 ἐφέπου
1585 733 1719 798 τότε
1767 735 2076 806 δ’ἄλλοῖος
2119 734 2283 818 χρόα
2330 736 2556 818 γίνεου.

634 840 753 904 Vel
801 842 992 904 etiam
1055 861 1204 903 eum
1258 847 1597 924 praecepto
1658 843 2031 925 Amphiarai
2092 842 2259 926 apud
2323 843 2677 906 Pindarum

628 949 826 1031 (Frag.
879 950 1003 1011 173
1066 948 1344 1028 Boeck):
1420 986 1502 993 —
1553 946 1637 1011 Ὦ
1679 950 1917 1022 τέκνον,
1976 950 2232 1013 ποντίου
2294 949 2504 1032 θηρὸς
2569 975 2677 1015 πε-

630 1057 847 1136 τραιόυ
893 1054 1089 1137 χρωτὶ
1147 1055 1410 1137 μάλιστα
1457 1054 1612 1119 νόον
1655 1056 2044 1137 προςφέρων
2087 1055 2317 1126 πάσαις
2360 1055 2680 1120 πολίεσσιν
2773 1118 2786 1131 ,

641 1162 838 1245 ὁμίλει
872 1212 884 1225 .
915 1169 1008 1245 τῷ
1036 1162 1333 1245 παρεόντι
1357 1163 1726 1245 ὀέπαινήσαι
1756 1164 1928 1227 ἑκὼν
1957 1163 2155 1226 ἄλλοτ’
2189 1162 2405 1226 ἀλλοῖα
2446 1163 2673 1246 φρόνει

630 1270 1048 1351 Praeceptum
1100 1289 1267 1350 ver0,
1302 1270 1471 1352 quod
1521 1271 1690 1353 apud
1737 1270 2014 1334 Graecos
2062 1271 2140 1334 de
2186 1270 2528 1354 prudentia
2575 1273 2678 1336 vel

628 1377 838 1458 potius
885 1375 964 1438 de
1011 1378 1243 1438 astutia
1274 1377 1649 1458 expetenda,
1679 1377 1847 1459 apud
1881 1377 2192 1441 Iudaeum
2241 1377 2319 1440 de
2364 1377 2677 1459 fugienda

630 1483 972 1546 calliditate
1020 1489 1211 1565 extat,
1259 1485 1672 1567 subiungitur
1718 1486 1888 1548 enim
1937 1504 2158 1548 versus
2207 1487 2332 1549 50:

848 1597 1002 1654 πᾶσι
1048 1591 1354 1661 δ’ἅπλοος
1399 1592 1548 1665 ἴσθι,
1592 1592 1666 1654 τὰ
1713 1592 1847 1655 (δ’ἐκ
1892 1599 2106 1676 ψυχῆς
2150 1592 2431 1675 ἀγόρευε.

805 1698 1224 1761 Proverbium
1276 1718 1499 1761 versus
1548 1700 1673 1762 56:

851 1806 971 1869 οὐκ
1019 1807 1102 1868 ἔτι
1148 1805 1409 1868 δύναται
1452 1804 1524 1868 τὸ
1569 1807 1940 1889 τετυγμένον
1986 1804 2136 1870 ε’ναι
2179 1806 2448 1870 ἄτυκτον

627 1912 848 1976 confer
904 1932 1050 1975 eum
1101 1912 1447 1975 Simonidis
1496 1911 1610 1975 Cei
1654 1912 1876 1995 fragm.
1909 1913 2029 1993 523
2077 1912 2242 1975 Edit.
2292 1912 2468 1976 Orus,
2531 1932 2667 1995 pag.

628 2021 787 2082 246-
847 2018 917 2082 τὸ
964 2019 1084 2102 γὰρ
1132 2020 1792 2101 γεγηνεμένον.οὗκέτ’
1850 2020 2116 2102 ἄρεκτον
2161 2021 2325 2083 ἔσται
2375 2019 2475 2083 vel
2524 2039 2670 2083 eum

628 2147 746 2189 vss,
798 2127 1000 2188 2834
1030 2126 1306 2207 Theogn.
1338 2130 1500 2208 (pag.
1535 2128 1617 2189 30
1652 2126 1748 2189 ed.
1783 2126 2015 2208 Crusii)
2047 2126 2228 2190 Ἀλλὰ
2259 2127 2333 2191 τὰ
2355 2126 2475 2209 μὲν
2513 2151 2670 2210 προ-

625 2235 916 2318 βέβηκεν,
963 2233 1295 2317 ἀμηχανόν
1339 2234 1460 2296 ἔστι
1508 2234 1775 2315 γενέσθα
1832 2234 2028 2317 ἀέργα
2077 2234 2179 2297 vel
2241 2240 2312 2296 ut
2372 2233 2667 2297 Goramio

628 2343 838 2424 placet
884 2361 1032 2404 oum
1066 2360 1286 2404 versus
1320 2342 1398 2403 31
1438 2340 1630 2405 Olint.
1666 2341 1728 2404 II
1760 2341 2020 2404 Pindari
2068 2342 2364 2424 (Bergk):
2428 2347 2558 2406 τῶν
2604 2341 2672 2404 ὄὲ

630 2450 1101 2531 πεπραγμένων
1144 2448 1213 2512 ἐν
1259 2448 1404 2530 δίκᾳ
1449 2473 1514 2512 τε
1558 2449 1667 2512 καὶ
1710 2448 1886 2531 παρὰ
1935 2449 2119 2513 δίκαν
2165 2449 2483 2532 ἀποίητον,
2532 2448 2668 2511 οὐδ

627 2559 707 2620 ἂν
768 2557 1003 2638 χρόνος
1034 2556 1071 2618 ὁ
1101 2556 1301 2619 πάντα
1350 2556 1559 2639 πατὴρ
1609 2555 1861 2620 δύναιτο
1907 2557 2106 2638 θέμεν
2151 2557 2375 2639 ἔργων.
2425 2555 2666 2618 Versus

628 2665 729 2745 61,
756 2683 1138 2744 quamquam
1166 2662 1577 2745 proverbium
1602 2682 1635 2725 e
1660 2662 1888 2725 Bibliis
1919 2665 2207 2745 petitum,
2243 2662 2668 2726 conferendus

624 2776 719 2833 est
768 2790 917 2833 oum
963 2789 1153 2833 versu
1200 2769 1529 2852 Euripidis
1562 2771 1674 2852 qui
1707 2775 1803 2833 est
1833 2770 2002 2853 apud
2048 2771 2455 2833 Athenaeum
2484 2768 2664 2832 LVI:

795 2876 919 2940 Ἐν
960 2877 1387 2960 πλημονοῦντι
1431 2877 1553 2959 γὰρ
1599 2878 1847 2959 κύπρις,
1892 2877 1960 2941 ἐν
2002 2882 2290 2941 πεινῶντι
2336 2877 2494 2940 ὂόὔ.

622 2985 864 3047 Versus
914 2985 997 3046 64
1046 2984 1486 3047 definitionem
1553 2985 2026 3048 Aristotelioam
2069 2984 2274 3066 affert,
2326 2984 2436 3047 cfr.
2485 2984 2667 3047 Rhet.

621 3091 702 3172 II,
751 3110 786 3153 c
833 3092 871 3152 2
920 3092 1098 3153 init:
1135 3090 1342 3155 ’Έστω
1376 3090 1454 3173 ὀὴ
1505 3092 1544 3173 ἡ
1592 3091 1752 3175 ὀργὴ
1787 3093 1996 3175 ὄρεξις
2039 3091 2194 3172 μετὰ
2227 3091 2434 3173 λύπης
2478 3114 2669 3172 τιμω-

621 3201 765 3281 ρίας
813 3224 871 3263 κ.
920 3225 968 3262 τ.
1015 3200 1067 3263 λ.
1117 3205 1181 3262 et
1209 3198 1306 3262 De
1340 3201 1553 3262 anima
1599 3200 1648 3273 Ι,
1700 3202 1776 3262 1:
1827 3199 1987 3283 ὀργὴ
2036 3201 2094 3262 τί
2134 3200 2293 3263 ἐστιν
2338 3199 2377 3263 ὅ
2426 3199 2668 3262 ὄιαλεκ-

621 3306 791 3377 τικὸς
836 3307 1111 3389 ὁρίσαιτο
1158 3307 1236 3368 ἂν
1284 3307 1491 3389 ὄρεξις
1536 3307 2015 3389 ἀντιλυπήσεως.
2064 3305 2411 3369 Proverbio
2445 3324 2669 3369 versus

625 3416 746 3478 97:
792 3414 959 3498 μηδὲ
1002 3414 1207 3497 μάτην
1268 3414 1368 3477 ἐπὶ
1420 3420 1552 3497 πῦρ
1607 3417 1882 3486 καθίσας
1937 3415 2215 3497 μινύθῃς
2268 3414 2452 3497 φίλον
2511 3412 2667 3496 ἦτορ

622 3523 908 3605 praeivit,
958 3528 1030 3584 ut
1074 3523 1163 3584 ait
1208 3521 1456 3602 Goram,
1489 3521 1644 3605 frag.
1678 3523 1861 3587 Pind.
1906 3523 2008 3603 49,
2059 3524 2130 3585 3:
2182 3522 2259 3586 οὗ
2307 3521 2427 3604 γὰρ
2460 3520 2670 3591 ἐοικὸς

623 3632 1093 3713 ἁρπαζομένων
1136 3636 1264 3693 τῶν
1304 3630 1539 3694 ἐόντων
1579 3632 1915 3714 καθῆσθαι
1943 3632 2091 3714 παρ’
2128 3631 2291 3711 ἑστίᾳ
2321 3629 2431 3693 καὶ
2460 3628 2670 3693 κακὸν

621 3743 900 3824 ἔμμεναι.
938 3778 1019 3785 -
1054 3740 1294 3803 Versus
1330 3740 1410 3802 92
1444 3760 1641 3823 prope
1674 3741 1886 3803 reddit
1917 3760 2173 3803 versum
2210 3740 2333 3801 115
2366 3738 2662 3821 Theogn:

746 3889 828 3895 —
875 3849 1101 3913 πολλοί
1140 3874 1234 3914 τοι
1277 3850 1502 3919 πόσιος
1547 3849 1652 3913 καὶ
1696 3848 1977 3931 βρώσιός
2022 3849 2134 3912 εἶσι
2179 3848 2410 3929 ἑταῖροι
2457 3883 2540 3891 ——

624 3958 764 4020 Vss.
818 3958 1015 4021 lor-8
1064 3956 1142 4019 ab
1191 3957 1400 4020 aliena
1444 3976 1640 4019 manu
1687 3958 1958 4019 insertos
2006 3974 2144 4018 esse
2190 3959 2373 4037 putat
2432 3953 2662 4036 Bergk,
