2961 4616
1478 333 1546 340 .-.
1587 301 1655 355 13
1692 333 1759 341 -

590 433 718 474 πον
764 410 1089 475 δυνάστου.
1125 447 1208 456 -
1256 412 1326 473 in
1354 410 1542 475 Deut.
1572 412 1620 494 I,
1658 413 1734 476 17
1773 413 1893 476 οὐκ
1929 413 2247 497 ἔπιγνώσῃ
2278 411 2635 497 πρόσωπον

586 516 654 579 ἔν
706 516 902 598 κρίσει
950 553 1034 563 -—
1066 516 1146 580 οὗ
1190 517 1281 599 μὴ
1329 518 1658 601 ὕποστείλῃ
1706 516 2063 602 πρόσωπον
2123 520 2485 603 ἀνθρώπου
2512 543 2627 600 ——3

588 622 731 702 VII,
767 624 848 687 10
882 658 966 669 ——
998 622 1157 687 κατὰ
1187 623 1544 707 πρόσωπον
1582 624 1905 689 ἀποδώσει
1935 627 2147 696 αὐτοῖς
2186 661 2270 672 -·
2299 649 2315 707 ;
2346 625 2524 709 XVI,
2562 627 2642 689 19

591 764 675 775 ——
708 729 859 794 οὐδὲ
889 730 1315 813 ἑπιγνώσοντα
1346 732 1719 814 πρόσωπον.
1752 732 1834 795 II.
1869 732 2098 796 Chron.
2131 732 2317 815 XIX,
2355 735 2389 796 7
2433 771 2516 778 —
2551 734 2643 797 ὅτι

597 839 717 901 οὒκ
765 839 888 902 ἔστι
922 837 1087 921 ’μετὰ
1134 839 1362 921 κυρίου
1391 840 1553 903 θεοῦ
1598 840 1788 923 ἡμῶν
1832 840 2062 922 ἇόικία,
2110 840 2262 904 οὐδὲ
2307 841 2639 923 θαυμάσαι

598 945 972 1027 πρόσωπον.

779 1051 960 1116 Idem
1007 1053 1291 1135 Scaliger
1335 1053 1415 1116 ad
1462 1073 1717 1117 versum
1769 1056 1895 1119 140
1942 1060 2283 1137 provocat:

776 1159 1023 1243 Κτῆνος
1066 1163 1188 1244 κῆν
1234 1162 1496 1245 ἒχθροῒο
1541 1163 1702 1247 πέσῃ
1749 1163 2072 1227 καθ’ὁόὸν
2132 1164 2468 1246 συνέγειρε,
2531 1166 2644 1246 qui

606 1272 818 1331 tamen
866 1268 1203 1333 manifeste
1248 1270 1589 1333 translatus
1637 1276 1733 1334 est
1792 1290 1875 1334 ex
1921 1270 2122 1334 Exod.
2170 1270 2422 1353 XXIII,
2473 1272 2509 1333 5
2561 1310 2644 1317 —

602 1373 712 1438 ἐὰν
759 1373 828 1437 ὂὲ
874 1374 1014 1458 ἴδῃς
1056 1374 1128 1439 τὸ
1172 1375 1521 1458 ὑποζύγιον
1556 1383 1668 1441 τοῦ
1691 1379 1932 1461 ἐχθροῦ
1965 1401 2082 1442 σου
2126 1377 2465 1448 πεπτωκὸς
2509 1379 2638 1442 ὕπὸ

604 1480 715 1545 τὸν
762 1482 969 1564 γόμον
1014 1483 1228 1556 αὐτοῦ,
1261 1484 1338 1548 οὗ
1367 1485 1722 1569 παρελεύσῃ
1756 1484 1927 1566 αὐτὸ,
1961 1484 2115 1549 ἀλλὰ
2148 1490 2459 1568 συναιρεῖς
2490 1485 2643 1549 αὐτὸ

593 1590 722 1671 μετ’
773 1590 990 1654 αὐτοῦ.
1040 1627 1124 1636 ——
1860 1600 1870 1608 '

778 1698 1001 1761 Brunk
1049 1718 1084 1762 e
1132 1718 1321 1763 versu
1371 1702 1450 1763 13
1503 1705 1951 1783 argumentum
1997 1699 2267 1783 petebat,
2323 1721 2451 1783 quo
2483 1703 2639 1764 scri-

593 1807 838 1885 ptorem
885 1804 1303 1868 christianum
1365 1805 1843 1889 demonstraret,
1907 1826 2028 1870 nec
2091 1825 2245 1870 sane
2284 1807 2648 1870 inconsulte

592 1929 740 1973 cum
788 1930 936 1974 eum
980 1913 1075 1976 Sic
1122 1913 1398 1995 legeret:
1462 1914 1818 1998 παρθενίην
1876 1920 2100 2000 τηρεῖν,
2165 1913 2418 2000 ἀγάπην
2472 1914 2639 1978 δ’ἒπὶ

593 2021 745 2080 πᾶσι
783 2017 1121 2100 φυλάσσειν
1155 2057 1238 2064 -
1271 2020 1361 2081 At
1390 2019 1680 2101 Bernays
1714 2021 1969 2103 egregie
2001 2020 2356 2104 παρθενίην
2388 2021 2457 2083 in
2479 2003 2644 2103 παρ-

595 2123 816 2207 θεσίην
855 2126 1165 2189 mutavit:
1214 2127 1569 2208 incongrue
1601 2146 1751 2190 vero
1785 2128 2056 2210 scriptor
2086 2128 2468 2210 virginitatis
2515 2146 2649 2191 me-

599 2232 903 2314 minisset,
951 2231 1410 2297 mercatoribus
1456 2239 1754 2319 pracepta
1799 2234 2070 2318 tradens„
2118 2254 2242 2298 nec
2294 2235 2650 2319 παρθενίην

608 2344 680 2401 ut
725 2338 1116 2419 adjectivum
1163 2341 1242 2404 ad
1290 2342 1543 2425 ἀγάπην
1583 2342 1828 2426 (πίστιν)
1868 2343 2158 2424 pertinet,
2189 2362 2339 2406 nam
2371 2361 2648 2424 sequens

613 2443 682 2507 δὲ
729 2444 947 2510 obstat.
996 2445 1368 2511 Lectionem
1415 2467 1566 2511 vero
1626 2449 1983 2532 παρθεσίην
2028 2448 2412 2511 confirmant
2456 2447 2651 2512 verba

604 2585 752 2650 Lev-
802 2588 878 2670 v,
928 2590 1053 2653 21:
1103 2600 1370 2678 nia-v:
1412 2563 1619 2694 ¹792:
1671 2566 1969 2696 ribam
2024 2598 2423 2681 annm:
2461 2597 2654 2677 wa:

602 2730 741 2807 HR
781 2733 994 2840 {7199
1033 2733 1122 2810 1⁸
1159 2734 1242 2811 '1’
1284 2736 1507 2812 ΨΠΖΙ
1548 2732 1640 2811 'ts
1684 2731 1987 2858 ῙῚἾΡΒΞ
2029 2735 2337 2826 mmm
2386 2734 2640 2812 ΨΓΒΊ

596 2991 707 3054 ubi
733 2994 1137 3075 septuaginta
1158 2995 1537 3078 interpretes
1562 2919 1785 3058 vocem
1812 3031 1895 3040 —
1922 2991 2163 3117 triph
2196 3031 2280 3040 —
2305 2870 2641 3059 1³51?AE

600 3119 861 3202 ραθήκη
898 3157 981 3165 -
1032 3125 1291 3183 vertunt
1325 3123 1370 3202 ¹)
1415 3141 1453 3184 a
1482 3120 1659 3204 παρὰ
1692 3126 1756 3184 et
1787 3158 1869 3165 —
1902 3120 1994 3184 θα
2036 3120 2353 3206 (τι-ὒη-μι)
2391 3122 2499 3203 (-
2534 3120 2646 3184 das

593 3224 653 3288 Ν
655 3226 1098 3310 iedergelegte‚
1146 3227 1369 3309 Pfand,
1427 3228 1539 3292 cfr.
1587 3228 1776 3311 Pape,
1839 3227 2040 3292 Lexic
2060 3229 2100 3308 3)
2163 3228 2638 3311 idest-deposi-

601 3337 738 3396 tum
768 3335 880 3418 (ita
909 3335 1234 3417 significat
1255 3334 1513 3447 WPD’
1539 3356 1577 3398 a
1601 3335 1792 3400 verbo
1822 3332 2019 3449 Ἶρξ),
2060 3360 2087 3393 <<
2113 3337 2436 3418 aspexit»,
2471 3335 2642 3417 quod

590 3461 658 3523 in
691 3462 941 3545 conjug,
976 3499 1059 3509 -
1095 3453 1374 3557 793595'}
1421 3487 1449 3519 «
1474 3462 1799 3544 significat
1830 3460 2139 3544 praefecit
2168 3461 2337 3543 alqm
2363 3462 2559 3525 alicui
2593 3487 2645 3543 »,

770 3700 808 3768 ¹)
843 3701 995 3772 ψυχὴ
1034 3704 1067 3772 ἢ
1104 3703 1169 3758 ἂν
1204 3701 1426 3772 ἁμάρτῃ,
1464 3701 1557 3755 καὶ
1591 3700 1832 3770 παριδὼν
1865 3701 2061 3770 παρίδῃ
2101 3698 2189 3760 τὰς
2213 3698 2419 3760 ἐντολὰς
2450 3700 2656 3769 κυρίου,

585 3791 677 3845 καὶ
713 3792 970 3861 ψεύσηται
1006 3791 1068 3846 τὰ
1102 3791 1232 3862 πρὸς
1267 3791 1356 3845 τὸν
1389 3791 1608 3860 πλησίον
1643 3790 1701 3844 ἒν
1734 3791 2028 3860 παραθήκῃ
2067 3790 2100 3858 ἢ
2136 3788 2255 3858 περὶ
2292 3789 2571 3848 κοινωνίας
2621 3788 2654 3856 ἢ

582 3880 702 3951 περὶ
737 3881 989 3953 ἁρπαγῆς,
1026 3883 1058 3952 ἢ
1087 3881 1314 3952 ἠδίκησέ
1334 3903 1379 3936 τι
1403 3880 1493 3935 τὸν
1514 3879 1733 3950 πλησιὸν
1756 3881 1904 3934 aad..
1931 3877 2030 3931 cfr.
2056 3877 2224 3931 etiam
2248 3874 2427 3931 Exod.
2454 3875 2655 3944 XXII,

583 3967 619 4022 8
660 3998 724 4007 —
748 3971 1168 4040 πεπονηρεῦσθαι
1203 3970 1287 4039 ἐφ’
1326 3969 1454 4038 ὅλης
1490 3975 1580 4038 τῆς
1614 3966 2089 4037 παρακαταθήκης.

1078 4244 2232 4589 ‘7⁵52
