2961 4616
1259 278 1536 331 -25—

356 397 673 479 Bernays)
720 395 1088 460 hominibus
1134 392 1430 477 praebet3
1482 412 1631 456 cum
1665 395 1886 455 contra
1914 389 2098 455 κοινὰ
2120 389 2417 472 μέλαθρα

366 504 591 588 δόμων
636 504 744 568 καὶ
789 503 1013 585 πατρὶς
1046 502 1259 586 Ἅιδης
1295 503 1405 583 (VS.
1437 501 1553 581 III,
1587 499 1698 564 cfr.
1733 499 1876 563 Gor.
1910 520 2008 583 op.
2041 500 2118 581 e.)

540 613 678 676 Vss,
726 612 928 674 42-82
978 615 1279 693 quattuor
1309 609 1663 674 cardinales
1695 610 1981 690 virtuteS,
2015 612 2088 671 ut
2117 609 2183 670 in
2212 608 2416 690 philo-

362 721 708 802 sophorum
755 718 990 783 scholis
1036 722 1517 801 pertractantur.

539 827 784 890 Versus
833 827 951 890 53:
983 864 1064 871 -—
1097 825 1189 907 μὴ
1232 831 1478 906 γαυροῦ
1528 825 1719 907 σοφίῃ
1765 824 1903 907 μήτ’
1939 824 2103 906 ἀλκῇ
2160 824 2297 906 μήτ’
2333 824 2421 888 ἐνὶ

358 934 617 1016 πλούτῳ
663 973 746 980 —-
795 956 833 998 a
879 954 1012 1016 cap.
1090 933 1206 1011 IX,
1256 935 1338 997 23
1387 934 1623 997 Jerem.
1689 933 2002 1013 originem
2050 932 2267 995 ducit:
2333 968 2416 978 —

361 1041 479 1123 Μὴ
527 1042 886 1124 καυχάσθω
934 1042 972 1105 ὅ
1019 1039 1224 1123 σοφὸς
1268 1042 1335 1104 ἐν
1378 1048 1455 1125 τῇ
1499 1042 1694 1123 σοφίᾳ
1740 1042 1953 1113 αὐτοῦ,
2000 1039 2110 1104 καὶ
2138 1038 2229 1122 μὴ
2261 1063 2418 1103 καυ-

356 1147 590 1231 χάσθω
636 1148 674 1211 ὅ
717 1147 1021 1218 πλούσιος
1066 1148 1133 1211 ἓν
1176 1154 1271 1228 τῷ
1313 1147 1571 1229 πλούτῳ
1616 1148 1829 1227 αὐτοῦ,
1877 1145 2005 1210 αλλ’
2031 1150 2071 1229 ἢ
2102 1147 2169 1210 ἓν
2213 1147 2417 1228 τούτῳ

356 1254 719 1336 καυχάσθῳ
765 1253 803 1316 ὅ
847 1253 1288 1336 καυχώμενος,
1337 1260 1564 1318 συνιεῖν
1608 1254 1715 1317 καὶ
1749 1254 2135 1335 γιγνώσκειν,
2166 1252 2256 1316 ὅτι
2287 1253 2415 1335 ἐγώ

354 1361 479 1440 εἶμι
524 1359 747 1440 κύριος
791 1360 955 1423 κτλ.
1005 1359 1116 1421 ubi
1165 1360 1429 1423 Crusius
1477 1360 1799 1442 vulgatam
1837 1360 2178 1422 lectionem
2211 1396 2295 1404 —-
2328 1358 2417 1422 ἒνὶ

356 1468 614 1549 πλούτῳ
647 1506 730 1512 ——
764 1468 1060 1545 restituit,
1111 1487 1303 1548 quam
1349 1468 1418 1529 in
1464 1467 1995 1551 praecedentibus
2028 1467 2415 1530 editionibus

354 1576 426 1637 in
460 1614 543 1620 —
577 1574 678 1637 ἐπὶ
721 1574 978 1657 πλούτῳ
1012 1613 1094 1620 --
1127 1579 1434 1637 mutatam
1467 1575 1892 1638 offendimus:
1925 1613 2008 1620 —
2057 1574 2151 1636 ἐνί
2177 1612 2258 1619 —
2301 1595 2414 1657 pro

354 1683 461 1745 ἓπί
499 1703 630 1746 non
676 1703 818 1746 raro
854 1684 932 1746 ab
965 1684 1246 1764 antiquis
1290 1684 1495 1766 poetis
1534 1684 1796 1765 graeciS,
1828 1682 1941 1745 sed
1972 1682 2415 1762 frequentissi-

354 1809 459 1853 me
508 1790 585 1853 ab
634 1790 1067 1854 alexandrinis
1115 1793 1179 1853 et
1223 1791 1537 1873 aegyptiis
1607 1793 1980 1873 usurpatum
2045 1809 2200 1852 usus
2264 1809 2413 1852 vero

356 1902 455 1961 est
499 1918 756 1980 prorsus
801 1899 1130 1979 judaicus3
1178 1898 1312 1976 (cfr.
1347 1898 1670 1961 Kritische
1717 1897 1899 1960 Brief
1942 1897 2104 1960 iiber
2149 1897 2253 1961 die
2297 1896 2452 1960 fal-'

355 2005 555 2070 schen
618 2006 909 2087 Sibyllin.
957 2005 1033 2068 K.
1093 2005 1383 2069 Buresch
1446 2008 1516 2068 in
1578 2006 1739 2069 Phil.
1795 2031 2039 2069 .......
2089 2005 2243 2068 aber
2303 2005 2417 2068 der

356 2114 695 2178 Gebrauch
741 2116 825 2177 ist
868 2114 1228 2197 iiberhaupt
1271 2114 1438 2177 allen
1468 2115 1512 2178 J
1516 2115 1719 2192 uden3
1753 2115 2167 2196 gemeimsam
2199 2115 2320 2177 wie
2347 2132 2417 2176 er

356 2220 465 2283 ein
511 2220 931 2284 Hebra'ismus
973 2223 1095 2302 (——
1146 2221 1241 2296 2)
1275 2221 1372 2283 ist.
1407 2220 1587 2284 Aber
1618 2240 1689 2284 er
1715 2241 1847 2284 war
1877 2221 2042 2283 auch
2075 2219 2412 2302 allgemein

354 2328 872 2393 alexandrinisch
903 2328 1037 2391 und
1067 2328 1277 2391 findet
1306 2330 1443 2392 sich
1477 2329 1571 2391 oft
1600 2327 1703 2392 bei
1738 2329 2158 2412 agyptischen
2190 2327 2413 2390 althel-

353 2436 641 2500 lem'sche
666 2437 1121 2519 ·Wendungen
1167 2438 1289 2500 wie
1318 2458 1330 2498 :
1380 2437 1448 2500 ἐν
1489 2437 1856 2519 ὅφφαλμοῖς
1887 2436 2183 2517 ὁρᾶσθαι,
2216 2437 2281 2498 ἓν
2317 2435 2414 2498 δε-

354 2551 505 2626 σμῷ
528 2545 732 2627 δῆσαι,
764 2545 831 2608 ἓν
861 2545 1136 2627 μολπαῖς
1162 2545 1380 2625 ὗμνεῒν
1407 2545 1519 2608 cfr.
1549 2544 1769 2625 Sibyll.
1801 2545 1851 2625 I,
1891 2546 2039 2607 366:
2090 2582 2174 2589 —
2224 2543 2415 2607 δώσει

352 2658 668 2734 μυσαροῖς
697 2652 786 2716 ἑνὶ
815 2653 1036 2733 χείλεσι
1066 2652 1269 2733 τούτῳ
1303 2701 1484 2715 ......
1517 2651 1695 2733 XIV,
1732 2654 1856 2715 183
1879 2701 2052 2715 ......
2087 2649 2245 2733 ἐπὴν
2290 2650 2411 2733 ἰδίῃ

351 2758 443 2823 ἐνὶ
486 2759 679 2842 μοίρῃ
711 2760 966 2843 βήσεται
1012 2760 1101 2823 εἶν
1131 2758 1353 2822 Ἀιδαο
1387 2758 1628 2841 δόμοις.
1674 2798 1757 2804 —-
1790 2759 1898 2822 Vs,
1934 2760 2017 2821 54
2065 2778 2216 2822 vero
2251 2780 2287 2821 a
2318 2758 2414 2822 Si-

350 2866 506 2929 rach
553 2867 602 2946 I,
651 2868 725 2929 8:
765 2905 845 2911 —
879 2865 1002 2937 Εἷς
1046 2867 1168 2929 ἐστι
1214 2864 1417 2947 σοφὸς
1446 2864 1730 2949 φοβερὸς
1771 2865 2045 2949 σφόδρα.
2078 2866 2220 2929 Vss.
2256 2867 2334 2927 57
2343 2866 2412 2926 -8

351 2971 467 3037 cfr.
533 2992 681 3035 cum
742 2972 927 3035 Prov.
989 2971 1240 3052 XXIX,
1290 2973 1373 3035 22
1439 3011 1522 3017 —
1584 2970 1771 3054 Ἀνὴρ
1831 2972 2155 3054 θυμώδης
2199 2971 2415 3053 ἐγείρει

354 3084 583 3152 νεῖκος,
631 3079 794 3161 ἀνὴρ
842 3079 911 3143 δὲ
956 3080 1206 3161 ὀργίλος
1251 3080 1572 3162 ἐξώρυξεν
1615 3080 1927 3162 ἁμαρτίαν
1990 3118 2091 3160 —,
2157 3083 2222 3143 et
2267 3098 2438 3143 cum-

352 3187 594 3252 Sirach.
662 3188 973 3269 XXVIII,
1025 3190 1104 3251 13
1143 3210 1155 3251 τ
1208 3227 1291 3234 -
1343 3188 1519 3270 Ἔρις
1563 3187 2133 3270 κατασπευδαμένη
2181 3186 2416 3250 ἐκκαίει

349 3299 503 3376 πῦρ,
533 3295 643 3358 καὶ
672 3295 846 3379 μάχη
879 3296 1447 3379 κατασπευδαμένη
1491 3296 1689 3378 ἕκχέει
1720 3296 1893 3379 αἷμα.
1929 3334 2012 3341 ——
2046 3295 2188 3357 VSS.
2217 3293 2406 3357 60-2:

491 3438 574 3445 —-
625 3402 744 3464 οὐκ
793 3400 1045 3482 ἀγαθὸν
1089 3402 1442 3475 πλεονάζον
1491 3404 1613 3485 ἔφυ
1659 3403 1980 3486 θνητοῖσιν
2026 3402 2257 3482 ὄνειαρ·

622 3509 660 3589 ἡ
709 3509 909 3590 πολλὴ
960 3508 1029 3571 δὲ
1074 3509 1281 3591 τρυφὴ
1328 3508 1497 3590 πρὸς
1542 3510 1856 3592 ἀμέτρους
1901 3507 2082 3572 ἕλκετ’
2133 3509 2391 3590 ἔρωτας.

622 3616 904 3698 ὗψαυχεῖ
930 3615 985 3678 δ’
1013 3615 1051 3678 ὅ
1080 3615 1280 3687 πολὺς
1308 3617 1581 3687 πλοῦτος
1610 3615 1720 3679 καὶ
1750 3617 1815 3686 ἐς
1842 3617 2027 3699 ὕβριν
2058 3616 2238 3688 ἀέξει.
2273 3646 2356 3659 --

350 3723 467 3787 cfr.
517 3743 664 3786 cum
712 3724 895 3787 Prov.
946 3724 1095 3804 XX,
1141 3725 1173 3786 1
1213 3762 1296 3769 ———
1330 3724 1683 3788 ἀκόλαστον
1717 3723 1890 3795 οἶνος
1920 3724 2028 3788 καὶ
2057 3721 2418 3806 ὑβριστικὸν

352 3831 549 3914 μέθη,
569 3837 696 3902 πᾶς
719 3832 789 3895 δὲ
813 3833 1046 3915 ἄφρων
1068 3832 1371 3903 τοιούτοις
1419 3831 1841 3914 συμπλέκεται
1874 3870 1957 3877 -
1975 3857 2000 3910 ,·
2029 3836 2093 3895 et
2123 3830 2305 3911 XIX,
2332 3831 2414 3892 32

356 3975 440 3983 ——
473 3938 564 4020 μὴ
614 3939 959 4021 εὐφραίνου
984 3940 1084 4002 ἐπὶ
1105 3940 1310 4022 πολλῇ
1326 3945 1539 4022 τρυφῇ
1585 3939 1770 4015 κ.τ.λ,·
1795 3944 1859 4002 et
1883 3939 2120 4005 Sirach.
2157 3937 2341 4019 XIX,
2373 3939 2412 4000 2
