2961 4616
1471 258 1752 311 -26-

591 410 673 418 -
708 369 880 442 οἶνος
909 370 1018 434 καὶ
1046 375 1337 452 γυναῖκες
1367 370 1793 453 ἀποστήσουσι
1823 371 2134 442 συνετούς.
2168 411 2251 418 -
2285 373 2428 435 Vss,
2464 374 2634 436 65-7:

589 518 671 525 —
727 478 916 562 ζῆλος
971 482 1101 541 τῶν
1159 478 1411 543 ἐσθλῶν
1473 478 1740 561 ἀγαθὸς,
1793 479 2064 562 φαύλων
2129 480 2199 545 δὲ
2256 481 2513 564 ἀίδηλος

727 586 941 670 Τόλμα
988 591 1216 651 κακῶν
1262 587 1414 670 ὀλοή
1460 587 1597 670 μέγ’
1654 587 1900 670 ὀφέλλει
1961 589 2023 653 ‹3'
2058 588 2254 654 ἐσθλὰ
2313 596 2640 664 πονεῦντα,

724 695 955 778 σεμνὸς
975 695 1143 777 ἔρως
1165 695 1404 779 ἀρετῆς·
1430 696 1468 759 ὅ
1511 694 1581 760 δὲ
1609 696 1943 779 Κύπριὸος
1994 696 2214 780 αἶσχος
2272 696 2519 779 ὀφέλλει
2559 736 2641 745 -

581 804 818 868 confer.
855 823 1003 867 eum
1051 803 1191 885 Sap.
1238 803 1355 883 III,
1406 804 1487 866 15
1522 842 1605 849 —
1639 805 1912 886 ἀγαθῶν
1956 804 2078 887 γὰρ
2122 803 2346 869 πόνων
2390 804 2645 887 καρπὸς

581 910 840 993 εὐκλεὴς
883 910 994 974 καὶ
1038 910 1467 982 ἀόιάπτωντος
1516 913 1556 994 ἡ
1603 911 1744 992 ῥίζα
1782 918 1891 995 τῆς
1920 913 2298 996 φρονήσεως
2315 962 2499 977 ......
2541 933 2639 977 se-

586 1023 874 1101 quuntur
905 1018 1098 1081 verba
1131 1057 1213 1064 —
1244 1019 1431 1083 τέκνα
1466 1017 1537 1083 ὃὲ
1565 1024 1815 1101 μοιχῶν
1844 1019 2129 1085 ἀτέλεστα
2160 1021 2328 1085 ἔσται
2360 1059 2444 1066 —
2478 1040 2644 1103 quae

584 1128 798 1191 versui
828 1128 858 1189 1
871 1128 905 1188 7
915 1127 954 1187 8
978 1131 1212 1190 certam
1234 1128 1548 1210 originem
1564 1127 1886 1209 praebent,
1913 1129 2136 1192 confer
2155 1133 2486 1212 praeterea
2501 1128 2643 1213 Sap.

581 1234 692 1313 IV,
744 1235 814 1296 1:
862 1271 945 1278 —
993 1232 1326 1314 Κρείσσων
1371 1233 1619 1297 ἀτεκνία
1665 1232 1821 1315 μετὰ
1868 1234 2109 1317 ἀρετῆς,
2157 1234 2475 1299 ἀθανασία
2519 1234 2642 1317 γάρ

582 1343 704 1406 ἔστι
749 1342 816 1405 ἓν
856 1341 1077 1424 μνήμῃ
1110 1342 1318 1424 αὐτῆς,
1350 1341 1442 1405 ὅτι
1470 1340 1648 1423 παρὰ
1688 1341 1857 1407 Θεοῦ
1887 1342 2294 1424 γιγνώσκεται
2324 1342 2434 1407 καὶ
2460 1341 2642 1425 παρὰ

587 1450 962 1531 ἀνθρώποις
1006 1451 1130 1529 (-
1163 1448 1394 1531 σεμνὸς
1438 1451 1607 1529 ἔρως
1651 1450 1876 1533 ἀρετῆς
1907 1451 2026 1529 -)
2069 1450 2405 1531 παροῦσάν
2433 1474 2498 1514 τε
2540 1475 2644 1531 μι-

581 1563 846 1640 μοῦνται
914 1556 1127 1640 αὐτὴν,
1197 1557 1308 1621 καὶ
1365 1558 1685 1622 ποθοῦσιν
1746 1558 2170 1623 ἀπελθοῦσαν.
2233 1558 2344 1622 καὶ
2414 1559 2480 1622 ἐν
2547 1564 2645 1637 τῷ

580 1666 763 1729 αἰῶνι
808 1671 1289 1748 στεφανηροῦσα
1336 1665 1668 1744 πομπεύει,
1716 1666 1825 1730 τὸν
1868 1671 1998 1730 τῶν
2043 1666 2366 1747 ἀμιάντων
2411 1666 2639 1730 ἄθλων

578 1776 798 1856 ἀγῶνα
845 1776 1172 1857 νικήσασα.
1210 1812 1291 1819 -
1322 1774 1685 1856 πολύγονον
1730 1775 1984 1857 ἀσεβῶν
2027 1775 2280 1857 πλῆθος
2310 1775 2388 1838 οὗ
2419 1798 2638 1859 χρησι-

578 1883 811 1965 μεύσει,
871 1881 980 1945 καὶ
1040 1882 1111 1945 ἐκ
1179 1880 1385 1946 νόθου
1430 1882 1897 1964 μοσκευμάτων
1942 1882 2021 1946 οὗ
2069 1881 2260 1946 δώσει
2313 1882 2494 1962 ῥίζαν
2552 1883 2642 1952 εἰς

579 1990 807 2073 βάθος,
855 1989 1006 2052 οὐδὲ
1052 1988 1308 2071 ἀσφαλῆ
1351 1988 1537 2071 βάσιν
1582 1988 1830 2069 ἐόράσει
1875 1988 2038 2053 κ.τ.λ.
2089 2028 2172 2035 -
2223 2008 2387 2071 quae
2444 1989 2644 2053 verba

583 2103 647 2163 et
692 2097 1118 2180 agonisticum
1165 2096 1442 2160 colorem
1491 2096 1831 2160 verborum
1883 2097 2088 2179 ζῆλος,
2148 2095 2367 2179 τόλμα,
2404 2101 2640 2170 πονεῖν,

579 2204 799 2289 αἶσχος
844 2204 1088 2287 ὀφέλλει
1133 2206 1346 2268 statim
1394 2206 1755 2285 ostendunt„
1805 2210 1869 2270 et
1919 2205 2193 2269 Veneris
2240 2205 2441 2269 amori
2471 2225 2644 2269 amo-

577 2335 713 2379 rem
761 2314 1014 2377 virtutis
1061 2318 1406 2396 opponunt
1439 2314 1720 2378 Versum
1750 2315 1833 2377 68
1868 2314 2100 2377 Geram
2139 2313 2313 2394 (XV)
2358 2314 2453 2377 sio
2502 2333 2640 2378 eor-

579 2423 765 2506 rigit:
830 2460 913 2469 —
968 2420 1173 2504 μηόὲν
1216 2422 1380 2503 ἄγαν
1425 2426 1695 2504 σῶφρον
1764 2421 2162 2504 κικλήσκεται
2206 2422 2275 2485 ἒν
2318 2419 2639 2504 πολιήταις

579 2569 662 2576 -
702 2530 811 2593 Vs.
857 2531 948 2593 ita
995 2529 1369 2594 emendatus
1416 2534 1480 2593 et
1525 2528 2052 2594 antecedentibus
2100 2533 2165 2594 et
2213 2528 2633 2612 sequentibus

576 2638 865 2718 idoneuS‚
891 2658 1020 2700 non
1046 2641 1142 2701 est
1169 2637 1299 2719 jam
1330 2637 1746 2719 trajiciendus
1772 2636 2114 2719 (quomodo
2141 2641 2362 2701 censet
2383 2636 2633 2719 Bergk);

580 2746 710 2827 sed,
759 2746 929 2827 quod
961 2747 1165 2826 magis
1210 2748 1426 2808 nostra
1470 2746 1682 2826 refert7
1715 2744 1927 2809 verbis
1961 2766 2094 2828 cap.
2129 2748 2186 2826 7,
2223 2746 2305 2808 16
2337 2744 2485 2808 libri
2516 2744 2637 2808 Ec-

580 2853 903 2917 clesiastes
951 2852 1401 2915 confirmatur:
1452 2891 1536 2898 —-
1583 2851 1674 2935 μὴ
1708 2852 1883 2932 γίνου
1932 2851 2175 2923 δίκαιος
2219 2850 2383 2916 πολὺ
2426 2851 2517 2934 μὴ
2568 2850 2637 2915 ὃὲ

580 2962 847 3042 οοφίζου
892 2959 1175 3042 περισσὰ,
1219 2960 1304 3041 μέ
1345 2982 1499 3024 ποτε
1543 2960 1614 3023 ἔκ
1660 2961 1907 3042 πλαγῇς
1955 2998 2039 3006 --
2072 2982 2086 3038 3
2138 2964 2275 3023 tum
2308 2979 2458 3023 vero
2491 2979 2637 3024 eum

579 3086 752 3149 seqq.
801 3066 1052 3130 duobus
1097 3087 1217 3130 vss.
1271 3066 1381 3129 ubi
1416 3105 1500 3112 —
1531 3065 1765 3148 μέτρον
1797 3104 1881 3113 -
1924 3072 1988 3130 et
2031 3067 2099 3129 in
2148 3066 2309 3146 cibe,
2357 3071 2422 3130 et
2465 3070 2634 3149 potu,

581 3180 646 3240 et
672 3175 885 3239 verbis
918 3180 991 3238 ut
1022 3214 1105 3221 —
1138 3174 1396 3238 πάντων
1425 3175 1679 3256 ἄριστον
1712 3212 1794 3220 —-
1826 3173 2139 3255 laudatur,
2179 3178 2322 3257 apte
2371 3175 2636 3256 conjun-

579 3281 766 3364 gitur.
809 3282 918 3345 Vs,
957 3282 1041 3345 70
1075 3281 1214 3363 Sap.
1249 3300 1381 3363 cap.
1416 3280 1666 3361 XXIII,
1700 3281 1741 3342 4
1775 3281 2088 3363 originem
2121 3279 2342 3344 debet:
2379 3318 2463 3326 —
2497 3280 2640 3343 οὔτε

576 3388 668 3472 μὴ
717 3389 958 3472 φθόνῳ
1004 3388 1275 3470 τετηκότι
1323 3388 1710 3452 συνοδεύσω.
1759 3387 1850 3451 ὅτι
1897 3386 2083 3459 οὗτος
2129 3389 2208 3452 οὗ
2260 3388 2634 3470 κοινωνήσει

578 3498 774 3580 σοφίᾳ
806 3536 890 3545 -
925 3497 1230 3584 Sequitur
1275 3496 1508 3561 deinde
1537 3519 1549 3560 ε
1586 3536 1670 3544 -
1702 3497 1954 3580 πλῆθος
2000 3497 2070 3561 δὲ
2113 3501 2341 3580 σοφῶν
2370 3496 2636 3577 σωτερία

573 3611 687 3669 τοῦ
718 3604 973 3686 κόσμου
1007 3642 1091 3652 —
1120 3628 1134 3682 ς
1169 3624 1332 3687 quae
1364 3605 1562 3668 verba
1589 3604 1855 3669 forsitan
1889 3604 2308 3687 sequentibus
2350 3602 2642 3668 versibus

584 3735 612 3769 «
654 3711 734 3774 de
782 3710 1124 3775 eoncordia
1168 3730 1383 3775 rerum
1430 3714 1695 3774 naturae
1732 3737 1759 3768 »
1806 3709 2016 3774 fontes
2046 3710 2325 3773 fuerunt.
2359 3709 2637 3772 Versum

582 3821 662 3883 77
704 3852 786 3865 -
818 3819 909 3902 μὴ
955 3825 1158 3902 μιμοῦ
1204 3818 1549 3902 κακότητα,
1598 3818 1740 3900 δίκῃ
1793 3816 2218 3898 ὂ’ἀπόλειψον
2257 3816 2506 3898 ἄμυναν
2552 3852 2636 3862 ——

583 3925 807 3990 confer
853 3946 1001 3989 cum
1046 3925 1230 3989 Prov.
1279 3925 1430 4007 XX,
1497 3926 1599 3988 22.
1664 3963 1747 3971 —
1807 3923 1923 4007 Μὴ
1985 3925 2176 4006 εἴπῃς·
2212 3921 2419 3987 κακὸν
2477 3922 2635 3984 ἀπο-
