2961 4616
1210 280 1275 288 -.
1319 252 1381 303 17
1431 283 1490 289 -

307 384 465 429 men
516 382 665 430 eum
721 386 750 421 «
791 361 995 425 ὀπίσω
1029 386 1058 419 >>
1111 380 1242 424 non
1272 362 1480 424 solum
1519 385 1547 419 «
1585 366 1805 444 postea
1834 387 1862 419 »
1910 362 2374 444 adsignificare,

305 490 536 535 verum
583 469 775 531 etiam
818 492 845 524 «
888 486 1108 529 rursus
1148 492 1176 526 »
1229 468 1331 550 (cf.
1381 468 1553 550 Pape
1600 487 1647 530 S.
1690 468 1747 531 h.
1783 469 1861 550 V.)
1892 506 1976 513 ——
2011 469 2098 531 At
2144 468 2375 531 Goram

302 576 655 641 absurdum
682 575 977 657 opinatus
1002 572 1174 655 quod
1200 574 1677 656 suggerendum
1694 574 2029 638 edixerat«
2053 576 2313 657 plurimi
2341 601 2369 633 ›>

307 684 539 764 inquit,
594 681 1026 742 «moriuntur
1069 680 1363 761 inianteS,
1396 682 1597 763 pueri,
1631 680 2066 744 adolescentes
2106 707 2157 762 »,
2192 686 2256 744 et
2301 681 2375 744 ὅν

316 815 344 847 <<
372 791 436 853 οῖ
456 788 600 852 θεοὶ
622 787 911 870 φιλοῦσιν
935 787 1330 869 ἀποθνήσκει
1353 787 1496 857 νέος
1513 812 1540 844 >>
1577 787 1793 869 itaque
1817 789 2114 870 proponit
2135 788 2370 869 λείψαν’

321 921 349 952 «
371 895 818 976 ἀποιχομένων
881 894 1106 973 ὀπίσω,
1171 892 1243 956 τὰ
1308 894 1468 956 θεοῦ
1515 894 1866 957 τελέθονται
1898 919 1951 967 >>,
2028 893 2371 976 [neutrum

315 1002 650 1065 articulum
699 998 819 1083 (τὰ)
860 1019 1104 1083 ponens
1136 1020 1248 1082 pro
1293 1000 1410 1084 (δὲ)
1453 1000 1627 1081 quod
1665 1002 1794 1081 jam
1832 1003 1869 1063 3
1906 1000 2070 1063 codd
2100 1002 2161 1083 (2
2201 1001 2371 1063 Vind

314 1114 377 1172 et
419 1108 705 1186 Barocc.)
736 1106 1080 1189 omittunt]
1136 1107 1467 1170 τελέθοντα
1515 1107 1764 1171 scilicet
1806 1108 2090 1191 λείψανα,
2140 1110 2233 1171 sic
2275 1110 2373 1170 in-

310 1220 699 1299 terpretans:
729 1252 812 1258 —
847 1214 982 1276 und
1013 1233 1141 1275 was
1173 1214 1569 1278 hinterdrein
1619 1214 1837 1278 Gottes
1870 1214 2046 1277 wird.
2081 1253 2164 1260 —
2196 1214 2373 1291 Quae

309 1342 460 1386 vero
511 1322 848 1384 Goramius
894 1321 1093 1383 multo
1147 1321 1427 1384 deterius
1475 1341 1669 1403 quam
1717 1322 2005 1403 Bernays
2050 1341 2373 1385 commen—

307 1436 414 1492 tus
461 1448 601 1492 esse
648 1430 824 1490 visus
871 1433 968 1491 est
1011 1428 1303 1510 BergkiO,
1337 1429 1450 1510 qui
1498 1448 1646 1491 vero
1686 1430 1815 1509 jam
1846 1431 2174 1491 annotavit
2219 1429 2374 1493 Ber-

308 1536 614 1617 naysium
660 1540 724 1597 et
770 1535 1141 1597 Goramium
1171 1535 1330 1598 falso
1360 1535 1753 1598 locutionem
1783 1556 1821 1598 a
1852 1536 2111 1599 Graecis
2152 1542 2216 1599 et
2256 1537 2380 1600 Ro-

309 1644 519 1706 manis
573 1641 989 1706 abhorentem
1039 1641 1377 1724 judicasse,
1432 1642 1606 1704 iilius
1668 1642 2080 1725 Empedoclei
2121 1661 2378 1725 prorsus

317 1750 592 1813 oblitos:

461 1882 490 1915 «
516 1856 700 1939 Ἐγὼ
748 1857 1005 1939 δ’ῧμμιν
1049 1856 1204 1927 ’θεὸς
1249 1858 1593 1939 ἄμβροτος,
1639 1857 1845 1921 οὐκέτι
1891 1857 2126 1940 θνητὸς

434 1962 790 2045 Ηωλεῢμαι
811 1963 967 2045 μετὰ
1004 1968 1157 2025 πᾶσι
1186 1966 1493 2045 τετιμένος
1527 1988 1554 2020 >>
1593 1983 1847 2026 necnon
1879 1982 2183 2032 versuum
2223 1964 2375 2026 70-1

312 2070 488 2131 iliius
536 2070 836 2132 carminis
869 2068 1040 2151 quod
1067 2069 1439 2132 inscribitur
1477 2094 1506 2125 «
1540 2076 1747 2153 χρυσᾶ
1778 2072 1896 2152 ἔπη
1936 2095 1987 2152 »,
2022 2075 2085 2132 et
2115 2071 2376 2150 antiquo

315 2182 540 2259 poetae
588 2177 988 2259 Pythagorae
1033 2176 1194 2239 falso
1241 2177 1582 2240 tribuitur:
2337 2167 2345 2174 ’

442 2283 580 2347 ”Ην
627 2283 1038 2366 δ’ἀπολείψας
1083 2288 1272 2366 σῶμα
1319 2285 1383 2354 ἐς
1429 2285 1621 2369 αἰθέρ’
1679 2285 2016 2367 ἐλεύθερον
2060 2284 2253 2368 ἔλθῃς

446 2391 712 2456 ’Euocat
757 2392 1080 2461 ἀθάνατος
1123 2391 1278 2461 θεὸς
1323 2393 1663 2474 ἄμβροτος,
1713 2394 1832 2455 οὐκ
1881 2395 1963 2455 ἔτι
2007 2393 2257 2474 θνητός.

501 2499 725 2563 Cicero
774 2504 989 2562 autem
1029 2500 1301 2577 ,TuscuL
1369 2500 1621 2576 Quaest.
1682 2501 1731 2566 Ι,
1796 2503 1897 2582 26,
1964 2502 2080 2562 65;
2146 2525 2174 2558 <<
2211 2501 2380 2582 Ergo

325 2609 589 2690 animus,
637 2606 710 2669 ut
756 2626 872 2689 ego
923 2606 1082 2688 dicO,
1134 2607 1407 2689 divinus,
1450 2613 1523 2670 ut
1551 2608 1893 2690 Euripides
1924 2609 2136 2671 dicere
2171 2607 2379 2689 audet,

326 2714 476 2778 deus
525 2720 623 2778 est
659 2737 727 2794 »3
779 2719 842 2777 et
897 2716 998 2797 33,
1049 2717 1161 2777 76:
1219 2739 1247 2772 «
1275 2713 1301 2778 ζ.
1321 2765 1468 2778 .....
1504 2720 1751 2778 tantum
1799 2717 1978 2779 abest
2026 2721 2097 2778 ut
2142 2715 2379 2777 malum

322 2842 487 2886 mors
533 2825 625 2885 sit
635 2872 811 2885 ......
861 2822 1192 2903 Siquidem
1241 2823 1342 2885 vel
1372 2824 1443 2886 di
1485 2822 1620 2905 ipsi
1664 2824 1768 2886 vel
1815 2843 1961 2886 cum
2013 2823 2134 2885 diis
2180 2823 2383 2885 futuri

321 2948 540 2992 sumus
572 2929 992 2996 »Praeterea
1036 2927 1248 3010 Bergk
1295 2934 1480 2992 acute
1515 2929 1837 2992 observat:
1898 2929 2222 2992 Judaeum
2271 2930 2383 2992 ho-

323 3038 577 3118 minem,
626 3037 738 3117 qui
782 3055 914 3097 non
958 3036 1000 3099 J
1007 3035 1224 3098 udaeis
1257 3037 1370 3099 sed
1404 3037 1663 3100 Graecis
1695 3043 1919 3120 poema
1953 3037 2380 3120 destinaverit,

320 3163 692 3226 graecorum
746 3144 1270 3226 philosophorum
1330 3145 1565 3227 placita
1624 3150 1921 3208 secutum
1980 3164 2135 3226 esse,
2185 3145 2383 3227 idque

322 3251 548 3314 callide
594 3252 964 3332 instituisse,
1014 3270 1162 3313 cum
1209 3254 1569 3335 suspicatus
1603 3258 1771 3316 esset
1809 3273 2040 3316 novam
2089 3253 2254 3315 hanc
2306 3252 2383 3314 de

319 3366 717 3423 mortuorum
763 3362 1167 3424 restitutione
1217 3361 1587 3444 doctrinam,
1636 3383 1828 3444 quam
1885 3362 2069 3424 modo
2131 3362 2375 3444 profes-

321 3486 431 3529 sus
479 3472 627 3549 erat,
676 3467 893 3529 multis
942 3468 1285 3531 offensioni
1332 3469 1487 3532 fore.
2096 3549 2102 3556 .

495 3575 658 3638 Item
705 3577 989 3658 Scaliger
1034 3577 1424 3641 locutionem
1471 3598 1693 3642 versus
1745 3580 1861 3640 10:
1899 3617 1982 3623 —
2015 3579 2255 3648 ἀδίκως
2294 3578 2385 3660 μὴ

322 3685 496 3752 κοίνε,
539 3684 897 3752 πρόσωπον
927 3723 1010 3729 -
1043 3692 1213 3749 certo
1263 3687 1675 3749 christianam
1733 3687 2070 3752 iudicavit:
2135 3687 2264 3752 sed.
2314 3692 2386 3748 ut
