2961 4616
1539 341 1607 350 -
1649 310 1717 364 16
1755 342 1822 350 -

640 425 716 486 11
743 445 756 486 :
791 459 875 471 —
908 423 946 486 6
979 422 1338 506 ἁπτόμενος
1371 427 1486 487 τοῦ
1515 422 1900 506 τεθνηκότος
1930 422 2144 505 πάσης
2186 430 2400 508 ψυχῆς
2444 427 2702 510 ἀνθρώ-

631 553 779 603 που,
810 529 1180 612 ἀκάθαρτος
1202 531 1370 593 ἔσται
1393 528 1547 592 ἑπτὰ
1581 530 1831 612 ἡμέρας
1853 566 1935 573 -
1958 527 2111 591 ibid.
2144 529 2223 590 16
2248 567 2331 574 -
2348 531 2457 593 καὶ
2486 537 2613 605 πᾶς
2628 536 2702 606 ὃς

632 639 711 701 ἂν
773 637 1009 720 ἅψηται
1069 636 1170 700 ἐπὶ
1231 636 1593 718 προςώπου
1647 642 1759 700 τοῦ
1816 635 2040 699 πεόίου
2086 638 2472 718 τραυματίου
2518 642 2558 722 ἢ
2603 665 2700 706 νε-

632 748 798 827 κροῢ
829 746 868 826 ἢ
906 743 1126 807 ὀστέου
1166 743 1589 826 ἀνθρωπίνου
1621 746 1660 825 ἢ
1689 743 2041 825 μνήματος,
2073 743 2224 806 ἑπτὰ
2256 744 2501 826 ἡμέρας
2544 747 2700 811 ἀκά-

631 850 873 933 θαρτος
919 851 1104 913 ἔσται.
1139 887 1222 894 -
1254 849 1332 911 In
1378 868 1553 931 seqq.
1602 868 1722 911 vss.
1775 849 1975 912 103-4
2023 849 2186 911 nihil
2230 851 2399 914 inest
2430 854 2527 932 (ut
2571 854 2698 916 iam

632 956 991 1020 observavit
1036 956 1290 1035 Goram)
1338 956 1510 1038 quod
1556 975 1686 1018 non
1734 974 1938 1037 aeque
1987 957 2055 1017 in
2109 955 2496 1019 Iudaeorum
2549 958 2696 1022 reli-

631 1064 901 1145 gionem-
934 1062 1142 1125 eadat:
1191 1082 1339 1124 nam
1387 1081 1619 1145 eorpus
1664 1063 2059 1125 revicturum
2101 1080 2239 1125 esse
2268 1063 2397 1143 jam
2427 1068 2696 1128 testatur

631 1169 673 1232 J
677 1167 774 1231 ob.
820 1167 1268 1251 (xlx-2527)
1299 1204 1382 1213 ——
1416 1166 1577 1231 οἶόα
1611 1167 1733 1251 γὰρ
1767 1167 1858 1230 ὅτι
1889 1167 2155 1238 ἀένναός
2184 1168 2343 1231 ἐστιν
2375 1169 2412 1231 6
2455 1170 2696 1234 ἐκλύειν

631 1298 714 1358 με
756 1275 1023 1356 μέλλων,
1069 1273 1169 1337 ἐπὶ
1214 1280 1329 1357 γῆς
1373 1273 1716 1357 ἀναστῆσαι
1745 1273 1817 1336 τὸ
1851 1273 2056 1356 ὀέρμα
2086 1297 2218 1356 μου
2244 1273 2316 1337 τὸ
2348 1275 2692 1339 ἀναντλοῢν

632 1387 822 1445 ταῦτα
867 1381 1044 1465 παρὰ
1092 1380 1214 1465 γὰρ
1258 1382 1487 1465 κυρίου
1549 1381 1741 1444 ταῦτά
1800 1404 1913 1462 μοι
1976 1381 2404 1464 συνετελέσθη,
2464 1383 2504 1444 ἃ
2565 1382 2692 1464 ἐγὼ

634 1491 891 1573 ἐμαυτῷ
936 1490 1399 1572 συνεπίσταμαι,
1447 1491 1488 1551 ἃ
1536 1489 1880 1573 ὀφθαλμός
1925 1512 2056 1572 μου
2102 1491 2374 1573 ἑώρακε,
2422 1492 2528 1554 καὶ
2568 1491 2685 1554 οὐκ

634 1596 822 1666 ἄλλος
853 1631 936 1640 —-
968 1600 1032 1658 et
1078 1594 1296 1657 Esaias
1341 1596 1416 1676 (6.
1463 1593 1712 1676 XXVI,
1750 1596 1889 1677 19):
1919 1632 2003 1640 ·—-
2029 1595 2478 1678 ἀναστήσονται
2507 1597 2568 1659 οἶ
2595 1619 2689 1659 νε-

634 1702 799 1785 κροὶ,
844 1701 954 1766 καὶ
997 1701 1446 1786 ἐγερθήσονται
1493 1702 1556 1764 οἱ
1598 1701 1666 1765 ἐν
1708 1707 1837 1772 τοῖς
1880 1702 2212 1785 μνημείοις
2255 1702 2365 1765 καὶ
2421 1703 2693 1785 εὐφραν-

636 1809 942 1892 θήσονται
974 1810 1036 1872 οῖ
1065 1808 1133 1872 ἐν
1160 1816 1237 1891 τῇ
1265 1814 1350 1892 γῇ
1379 1808 1542 1872 κτλ.
1577 1808 1819 1871 Versus
1857 1810 2054 1872 105-6
2090 1828 2239 1872 cum
2272 1809 2429 1872 Gen.
2464 1808 2610 1890 Cap.
2642 1809 2691 1891 Ι,

639 1915 718 1977 27
772 1913 1146 1977 conferendi
1179 1951 1262 1958 —
1297 1962 1470 1976 ......
1503 1912 1611 1977 καὶ
1656 1913 1958 1996 ἐποίησην
2004 1915 2042 1977 6
2087 1913 2243 1985 θεὸς
2282 1914 2391 1978 τόν
2436 1915 2695 1998 ἅνθρω-

636 2044 781 2095 πον,
827 2021 959 2085 κατ’
1009 2020 1223 2085 εἰκόνα
1269 2021 1430 2084 θεοῦ
1476 2021 1767 2104 ἐποίησεν
1815 2020 2042 2094 αὖτόν.,
2076 2058 2159 2065 -
2209 2025 2280 2084 et>
2319 2040 2468 2084 oum
2515 2040 2565 2084 6.
2613 2021 2695 2102 11,

638 2129 722 2191 23
772 2128 912 2209 Sap.
960 2127 1198 2192 Sirach.
1248 2165 1331 2172 —
1379 2127 1471 2190 ὅτι
1517 2128 1554 2190 6
1600 2126 1756 2198 θεὸς
1799 2129 2004 2209 ἔκτισε,
2039 2127 2149 2191 τὸν
2193 2128 2548 2209 ἄνθρωπον
2600 2126 2692 2191 ἐπ’

638 2235 972 2320 ἀφθαρσίᾳ
1031 2234 1414 2318 (Pseudoph.
1469 2258 1498 2290 «
1530 2235 1784 2319 ἀκήριοι
1813 2236 1886 2317 »)‚
1934 2235 2044 2297 καὶ
2102 2234 2317 2298 εἶκὸνα
2376 2241 2486 2318 τῆς
2536 2234 2698 2305 ι’ὀίας

638 2343 945 2426 ι’ὀιότητος
989 2343 1280 2426 ἐποίησεν
1326 2342 1534 2406 αὐτόν.
1569 2380 1653 2387 —
1688 2343 1930 2405 Versus
1964 2344 2163 2406 107-8
2197 2361 2346 2405 cum
2379 2341 2534 2406 Gen.
2581 2342 2696 2424 ΠΙ,

643 2451 723 2512 19
760 2499 941 2513 ......
975 2451 1099 2520 ἕως
1155 2455 1267 2512 τοῦ
1313 2449 1709 2531 ἀποστρέψαι
1753 2472 1823 2512 σε
1868 2450 1954 2519 εἰς
1996 2448 2108 2531 τὴν
2153 2454 2271 2531 γῆν
2315 2449 2386 2522 ἐξ
2436 2446 2514 2530 ἧς
2572 2449 2697 2512 ἐλέ-

638 2558 832 2640 φθης·
881 2557 974 2620 ὅτι
1019 2563 1100 2639 γῆ
1146 2555 1214 2629 εἷ,
1259 2555 1369 2618 καὶ
1413 2557 1501 2626 εἷς
1546 2562 1663 2638 γῆν
1717 2555 2026 2638 ἀπελεύσῃ
2062 2593 2163 2637 -,
2214 2559 2278 2619 et
2334 2574 2385 2618 e.
2450 2555 2696 2637 XVIII,

642 2666 721 2728 27
775 2715 952 2728 ......
984 2664 1112 2747 ἐγὼ
1161 2664 1230 2727 δὲ
1274 2664 1397 2746 εἰμὶ
1427 2670 1509 2746 γῆ
1538 2664 1648 2726 καὶ
1679 2663 1934 2734 σποόός.
1969 2702 2071 2738 -,
2105 2669 2170 2744 et
2200 2684 2343 2727 oum
2379 2663 2503 2727 Job
2535 2664 2619 2746 X,
2655 2665 2691 2725 9

638 2771 972 2854 μνήσθητι,
1032 2770 1123 2833 ὅτι
1179 2769 1385 2852 πηλόν
1443 2792 1527 2852 με
1580 2770 1861 2843 ἔπλασες,
1925 2772 2010 2840 εἷς
2071 2770 2140 2833 δὲ
2201 2777 2318 2853 γῆν
2369 2794 2451 2853 με
2504 2771 2689 2834 πάλιν

640 2877 1057 2959 ἀποστρέψεις
1088 2913 1171 2921 -
1199 2894 1323 2938 neo
1366 2894 1500 2937 non
1546 2894 1696 2938 oum
1742 2895 1875 2958 cap.
1907 2876 2022 2957 ΙΙΙ,
2059 2876 2139 2938 12
2187 2875 2567 2939 Ecclesiast:
2604 2912 2690 2920 —-

639 2985 749 3047 καὶ
793 2984 1130 3066 ἐπιστρέψῃ
1179 2984 1216 3046 6
1260 2988 1417 3065 χοῦς
1461 2983 1561 3045 ἐπὶ
1604 2982 1717 3065 τὴν
1763 2990 1879 3065 γῆν
1926 2983 2020 3052 ὡς
2061 2981 2157 3065 ἦν,
2204 2983 2314 3047 καὶ
2341 2981 2413 3045 τὸ
2440 2987 2692 3065 πνεῦμα

642 3093 980 3175 ἐπιστρέψῃ
1025 3090 1191 3173 πρὸς
1233 3091 1341 3154 τὸν
1385 3089 1544 3153 θεὸν
1589 3090 1663 3160 ὅς
1706 3090 1949 3153 ἔδωκεν
2002 3090 2173 3154 αὐτό.
2208 3128 2292 3135 --
2340 3090 2697 3171 Supersunt

643 3201 867 3264 verba:
916 3199 1120 3263 ὀπίσω
1181 3199 1250 3262 δὲ
1302 3198 1445 3262 θεοὶ
1498 3198 1868 3271 τελέθονται,
1925 3217 2089 3280 quae
2149 3198 2505 3279 Bernaysio
2565 3217 2693 3260 non

642 3307 830 3370 modo
878 3307 1382 3371 Christianorum
1443 3304 1546 3367 vel
1608 3305 1994 3369 Iudaeorum
2054 3305 2388 3367 hominum
2447 3305 2696 3388 placitis

643 3414 980 3495 adversari,
1027 3412 1141 3476 sed
1187 3413 1378 3475 etiam
1424 3431 1462 3473 a
1509 3410 1897 3475 Graecorum
1935 3417 2000 3474 et
2028 3412 2461 3475 Romanorum
2505 3412 2697 3473 mori-

645 3523 764 3586 bus
810 3522 1149 3585 abhorrere
1198 3520 1497 3583 videntur
1526 3520 1660 3602 (cfr.
1686 3519 1991 3600 Bernays
2039 3539 2135 3602 op.
2185 3521 2275 3601 o.).
2324 3519 2530 3603 Igitur
2574 3520 2696 3582 hac

645 3632 971 3715 apotheosi
1018 3629 1305 3693 offensus
1348 3627 1640 3709 Bernays
1669 3629 1999 3710 proposuit
2024 3646 2153 3709 seq.
2200 3628 2575 3692 lectionem:
2613 3663 2696 3672 —-

644 3742 848 3805 ὀπίσω
869 3763 934 3803 τε
956 3740 1085 3803 νέοι
1105 3738 1458 3802 τελέθονται
1485 3772 1567 3780 -
1596 3736 1790 3799 idest:
1817 3772 1844 3783 -
1869 3756 2219 3818 rursusque
2266 3739 2643 3804 adolescunt
2668 3773 2694 3783 -

646 3848 890 3911 Verum
914 3845 1126 3928 Bergk
1146 3843 1595 3908 animadvertit
1625 3850 1845 3930 poe‘tae
1876 3847 1933 3908 si
1963 3848 2121 3910 haee
2147 3846 2360 3913 dicere
2393 3848 2700 3912 voluisset

656 3988 684 4022 «
725 3961 914 4034 αὗθις
952 3989 980 4021 >>
1034 3982 1163 4028 non
1225 3987 1253 4019 «
1293 3965 1498 4036 ὀπίσω
1538 3989 1566 4022 >>
1620 3960 2055 4027 adhibendum
2099 3959 2317 4026 fuisse.
2371 3962 2563 4047 Fugit
2608 3967 2701 4026 ta-
