2961 4616
37 8 143 386 f
1202 316 1483 370 —45—

38 395 39 428 ¹
325 428 496 491 dium
546 427 815 492 secundi
861 426 1098 490 saeculi
1146 432 1290 509 post
1335 426 1444 491 Ch.
1494 447 1572 508 n.,
1605 447 1731 509 qua
1769 433 1973 491 aetate
2013 426 2373 491 Christiana

319 537 541 618 religio
589 535 746 599 adeo
772 535 962 616 longe
994 534 1247 615 lateque
1281 533 1521 597 diffusa
1551 539 1661 616 est,
1699 540 1768 598 ut
1797 554 1985 599 nemo
2019 554 2159 598 eam
2190 537 2371 618 igno-

316 661 455 704 rare
501 642 731 723 possit:
782 639 953 721 quod
1001 659 1150 703 vero
1182 640 1358 702 nulla
1388 641 1457 702 in
1492 642 1773 704 carmine
1806 646 2029 704 extent
2058 641 2133 703 N.
2165 642 2228 705 Τ.
2264 661 2371 705 ve-

317 750 518 831 stigia,
565 747 633 810 id
680 767 796 810 nos
843 749 1009 810 intra
1060 748 1185 810 150
1233 767 1434 810 annos
1479 753 1625 830 post
1653 748 1762 811 Ch.
1793 770 1852 810 n.
1880 750 2227 812 consistere
2262 770 2368 813 co-

318 857 424 938 git.
473 856 563 917 At
607 859 933 918 auctorem
979 855 1291 917 Iudaeum
1326 874 1464 918 esso
1500 855 2074 918 demonstravimus
2106 857 2369 938 γνώμας

319 982 467 1025 suas
515 963 789 1025 ethnicis
830 961 1264 1025 dedicantem:
1301 982 1428 1043 qua
1453 981 1524 1025 re
1556 982 1884 1045 perpensa,
1918 964 2237 1045 simulque
2271 983 2373 1026 ca—

312 1069 719 1150 lamitatibuS,
768 1088 945 1150 quae¹
977 1070 1155 1150 genti
1196 1069 1491 1150 judaicae
1540 1090 1667 1132 uno
1714 1070 1969 1133 saeculo
2005 1075 2068 1133 et
2100 1070 2363 1133 dimidio

313 1181 457 1257 post
502 1174 612 1239 Ch.
659 1196 720 1238 n.
767 1176 977 1238 illatae
1025 1182 1190 1251 sunt,
1235 1178 1579 1259 praecipue
1627 1196 1776 1239 vero
1825 1177 2044 1260 templi
2090 1176 2367 1241 Heroso-

313 1283 588 1346 limitani
637 1284 907 1366 excidiO,
956 1283 1385 1360 consideratiS,
1433 1303 1622 1347 nemo
1686 1286 1821 1365 erit,
1885 1286 1997 1366 qui
2050 1285 2172 1348 sibi
2227 1305 2371 1368 per—

313 1410 577 1452 suasum
624 1390 867 1471 habeat,
914 1389 1228 1453 Iudaeum
1274 1390 1431 1453 adeo
1479 1389 1690 1453 studio
1736 1391 2039 1473 flagrasse
2098 1392 2370 1456 ethnicis

314 1498 560 1560 monita
602 1496 906 1579 legesque
954 1497 1223 1560 morales
1270 1498 1579 1577 tradendi,
1628 1518 1777 1560 cum
1823 1499 1890 1559 in
1938 1498 2060 1561 hoc
2093 1501 2371 1562 maxime

312 1608 471 1666 tunc
517 1603 739 1666 Iudaei
772 1603 1143 1666 hellenistae
1175 1603 1631 1683 adlaborarent,
1665 1607 1736 1665 ut
1767 1604 2018 1686 scriptis
2053 1623 2121 1666 se
2157 1623 2372 1666 suam-

314 1730 442 1791 que
488 1710 865 1792 religionem
913 1715 1260 1773 tuerentur.

495 1819 759 1880 Annum
805 1819 1002 1900 igitur
1046 1819 1587 1900 septuagesimum
1642 1838 1698 1900 p.
1763 1816 1873 1881 Ch.
1936 1839 1996 1880 n.
2053 1819 2369 1882 transilire

310 1931 623 1990 vetamur.
671 1925 844 1988 Hinc
890 1926 1178 2007 Bernays
1225 1931 1493 2009 tempus,
1543 1946 1668 2007 quo
1731 1925 2373 2008 Pseudophocylidea

314 2038 578 2096 exarata
619 2032 818 2095 fuerit
861 2032 937 2094 ab
985 2053 1152 2095 anno
1202 2033 1640 2096 ducentesimo
1673 2053 1725 2095 a.
1760 2033 1869 2095 Ch.
1904 2054 1964 2095 n.
2004 2033 2085 2095 ad
2116 2037 2370 2114 septua-

320 2141 642 2222 gesimum
689 2160 746 2221 p.
797 2139 906 2202 Oh.
954 2160 1015 2202 n.
1065 2140 1420 2222 decurrere,
1467 2160 1582 2223 pro
1631 2144 1802 2203 certo
1850 2140 2056 2203 habet.

496 2246 741 2310 Verum
765 2266 894 2310 non
920 2248 1070 2308 satis
1093 2246 1539 2311 animadvertit
1572 2266 1734 2329 quae
1761 2251 2123 2329 quantaque
2147 2251 2369 2311 auctor

311 2359 534 2417 noster
580 2374 614 2417 e
661 2354 839 2417 libris
886 2356 1233 2437 sapientiae
1281 2354 1635 2417 Salomonis
1683 2359 1746 2417 et
1777 2355 2024 2418 Sirachi
2056 2356 2369 2418 exhause-

312 2464 414 2544 rit,
465 2482 738 2543 quorum
785 2462 1020 2524 eruditi
1065 2463 1453 2525 recentiores
1494 2463 1676 2524 illum
1710 2463 1880 2525 circa
1911 2462 2251 2525 dimidium
2283 2463 2370 2525 al-

312 2571 516 2633 terius
562 2570 801 2632 saeculi
849 2590 887 2631 a
933 2570 1042 2632 Oh.
1090 2591 1150 2633 n.
1200 2570 1568 2633 confectum
1613 2574 1925 2652 reputant,
1969 2570 2142 2633 hunc
2176 2590 2209 2632 e
2242 2590 2372 2633 ser-

313 2697 506 2741 mone
550 2678 807 2759 judaico
853 2680 922 2741 in
968 2699 1269 2761 graecum
1317 2698 1697 2742 convelsum
1727 2681 1771 2760 1)
1816 2700 1947 2742 non
1999 2679 2197 2741 multo
2227 2685 2372 2761 post

314 2791 600 2868 tempore
646 2786 846 2849 fuisse
894 2787 1294 2868 arbitrantur,
1342 2806 1572 2870 nempe
1620 2786 1739 2849 sub
1773 2787 2139 2850 Ptolomaeo
2174 2787 2371 2850 Ever-

312 2900 462 2977 gete
509 2894 792 2957 secundo
839 2894 1156 2958 Phiscone
1203 2896 1472 2977 (145-16
1522 2916 1574 2958 a.
1624 2893 1758 2976 Ch.)
1788 2895 1855 2957 Si
1902 2896 2101 2977 igitur
2138 2896 2227 2958 ita
2271 2915 2373 2959 res

315 3021 385 3065 se
436 3002 641 3083 habet,
688 3002 1392 3085 Pseudophocylideam
1438 3023 1568 3065 non
1628 3009 1774 3065 ante
1833 3003 2036 3065 seculi
2101 3003 2370 3066 secundi

217 3174 221 3178 ,
318 3111 569 3173 exitum
617 3111 1028 3192 compositam
1073 3110 1273 3173 fuisse
1319 3115 1507 3194 patet.
1549 3149 1632 3156 —
1662 3110 1935 3193 Insuper
1966 3111 2374 3174 Ptolomaeus

319 3220 571 3300 PhiscO,
617 3220 972 3282 Aristarchi
1028 3221 1423 3302 grammatici
1472 3219 1825 3302 discipulus
1889 3223 2079 3301 atque
2146 3221 2373 3301 viginti

321 3331 623 3408 quattuor
664 3327 973 3389 librorum
1008 3365 1090 3372 —
1116 3326 1632 3410 εΥπο,ιινη,ικίτων
1664 3365 1747 3371 -
1781 3330 2016 3408 auctor,
2050 3346 2208 3409 quos
2239 3347 2371 3389 non

320 3434 521 3498 semel
566 3436 937 3498 Athenaeus
983 3435 1213 3517 laudat,
1282 3436 1568 3517 undique
1633 3435 1885 3498 codices
1950 3434 2376 3516 congregabat

323 3543 737 3624 emebatque:
789 3564 915 3626 qua
962 3546 1152 3607 etiam
1200 3544 1278 3608 de
1324 3564 1393 3608 re
1439 3545 1731 3627 plurimis
1792 3543 2104 3625 pecuniae
2169 3543 2373 3606 avidis

497 3804 536 3870 ¹)
573 3803 707 3873 quin
745 3803 916 3856 immo
966 3802 1083 3872 ipse
1131 3800 1301 3853 huius
1350 3797 1477 3853 libri
1527 3772 1795 3867 interpres
1845 3813 1903 3850 se
1950 3793 2371 3848 translationem

332 3896 645 3960 confecisse,
682 3898 947 3963 regnante
984 3892 1304 3945 Ptolomaeo
1344 3891 1629 3958 Evergete‚
1680 3887 1991 3958 profitetur,
2045 3903 2211 3956 quem
2247 3902 2369 3939 eru-

336 3988 437 4042 diti
473 3989 797 4043 recentiores
835 3987 1159 4055 Evergetem
1197 3983 1258 4037 11
1297 3999 1413 4036 esse
1450 3980 1790 4034 existimant.
