2961 4616
1170 337 1238 343 -
1278 304 1346 358 39
1386 337 1450 343 -

451 415 735 478 Versum
786 418 912 480 110
958 416 1359 498 Pseudoplm

398 523 525 586 οὐκ
579 524 642 606 (ἔ
610 547 691 586 νι
738 522 794 586 δ’
801 526 887 595 εἰς
923 524 1137 607 Ἅιδην
1183 524 1401 606 ὄλβον)
1456 523 1567 587 καὶ
1614 526 1864 608 χρήματ
1901 525 2211 607 ’ἄγεσθαι
2269 598 2273 603 Q

274 630 507 693 confer
557 650 704 694 cum
750 651 872 695 vss,
923 635 990 694 7-
994 634 1032 694 8
1081 632 1303 715 fragm.
1353 634 1436 694 22
1484 632 1654 715 (edit.
1706 632 1882 714 CruS,
1931 633 2040 715 41)
2080 633 2330 698 Solonis

434 788 447 799 .
547 787 1200 803 .......
1291 739 1364 802 τὰ
1413 738 1534 822 γὰρ
1575 741 1881 822 περιώσια
1926 741 2130 804 πάντα

594 846 858 928 χρήματ’
908 848 1076 930 ἔχων
1122 847 1329 918 οὐδεὶς
1373 849 1615 930 ἔρχεται
1661 850 1747 918 εἷς
1790 848 2025 912 Ἀίδεω.

459 951 627 1014 Cum
689 952 980 1016 versibus
1046 954 1200 1015 125-
1204 955 1261 1035 8,
1308 955 1569 1037 (attento
1637 974 1763 1036 quo
1827 955 2116 1038 dispositi
2184 962 2335 1019 sunt

276 1059 550 1142 ordine),
600 1061 710 1124 cfr.
756 1061 1017 1144 ὀδάριον
1049 1061 1353 1144 ἐρωτικόν
1410 1064 1929 1127 anacreonticum
1990 1064 2099 1146 (24
2157 1063 2333 1128 Orus,

259 1165 448 1230 Ἄλλο
498 1166 871 1250 ἒρωτικόν);

873 1276 1069 1346 Φύσις
1114 1277 1350 1359 κέρατα
1395 1277 1667 1360 ταύροις,

864 1383 1064 1454 ὁπλὰς
1109 1382 1377 1448 δ’ἔδωκε
1420 1385 1650 1458 ἵπποις,

865 1482 1201 1575 ποδωκίην
1245 1493 1539 1574 λαγωοῖς,

867 1600 1076 1663 λέουσι
1119 1601 1305 1683 χάσμ’
1357 1601 1658 1675 ὀδόντων,

871 1714 999 1778 τοῖς
1043 1709 1294 1791 ἰχθύσιν
1337 1708 1407 1772 τὸ
1453 1709 1703 1793 νηκτόν,

864 1821 991 1886 τοῖς
1035 1816 1278 1897 ὀρνέοις
1320 1817 1631 1886 πέτασθαι

865 1929 991 1993 τοῖς
1037 1923 1301 2006 ἀνδράσι
1347 1924 1672 2007 φρόνημα,

276 2154 401 2199 nec
449 2155 586 2199 non
632 2136 895 2201 Maxim.
944 2138 1087 2219 Tyr.
1155 2158 1288 2222 cap.
1349 2138 1598 2222 XXVI,
1658 2140 1695 2202 6
1702 2190 2093 2203 .........
2139 2139 2332 2223 λόγον

279 2245 348 2310 δὲ
396 2246 613 2318 αὐτοῖς
667 2245 829 2318 Θεὸς
873 2246 1080 2311 ἔδωκε
1124 2246 1288 2330 πρὸς
1332 2247 1440 2319 τὰς
1470 2249 1770 2313 ἁπάντων
1800 2249 2101 2332 εὐπορίας
2131 2249 2329 2333 ἀντιρ-

279 2355 492 2438 ροπον
541 2381 600 2420 κ.
648 2380 695 2419 τ.
742 2357 793 2419 λ.
841 2357 913 2440 (1)
960 2395 1044 2401 ——
1093 2357 1371 2420 Versum
1422 2359 1589 2420 152:

433 2465 528 2548 μὴ
576 2459 807 2529 κακὸν
831 2462 901 2528 εὗ
948 2466 1137 2548 ἔρξῃς
1181 2466 1450 2549 σπείρειν
1497 2468 1634 2530 ἴσον
1679 2467 1793 2530 ἔστ’
1844 2467 1932 2530 ἒνὶ
1975 2466 2212 2550 πόντῳ.

462 2573 678 2656 Bergk
724 2593 851 2636 non
900 2594 936 2635 a
983 2575 1283 2636 carminis
1329 2575 1635 2657 scriptore
1682 2574 2042 2657 profectum
2098 2581 2331 2658 censet,

277 2681 392 2744 sed
441 2681 521 2744 ab
569 2681 692 2744 alio
742 2685 959 2763 postea
1014 2682 1350 2762 adiectum,
1416 2682 1524 2744 cui
1590 2682 2055 2765 quodammodo
2116 2683 2330 2747 redar-

278 2802 481 2869 guere
528 2789 596 2850 in
643 2788 855 2850 animo
903 2788 1099 2851 fuerit
1142 2788 1554 2871 praeceptum
1606 2790 1842 2868 140-23
1892 2809 2022 2852 non
2052 2791 2141 2854 ita
2171 2791 2330 2853 mihi

280 2895 555 2977 videtur,
603 2915 678 2958 ac
724 2896 923 2957 miror
985 2915 1131 2958 eum
1196 2895 1440 2978 fugisse
1503 2917 1541 2959 a
1592 2896 1978 2979 Theognidis
2041 2898 2330 2961 versibus

285 3002 488 3066 105-6
537 3022 796 3066 versum
842 3002 1026 3065 illum
1075 3002 1388 3066 derivari:
1465 3042 1478 3054 ·

530 3107 787 3180 Δειλοὺς
833 3107 903 3172 εὖ
948 3108 1193 3192 ἔρδοντι
1237 3110 1616 3193 ματαιοτάτη
1663 3110 1845 3192 χάρις
1890 3103 2064 3174 ἐστίν.

530 3215 669 3280 ἴσον
714 3215 824 3280 καὶ
868 3216 1139 3299 σπείρειν
1183 3216 1418 3281 πόντον
1464 3216 1615 3288 ἁλὸς
1658 3216 1902 3301 πολιῆς,

285 3342 676 3405 quamquam
752 3323 1386 3407 Pseudophocylides
1461 3324 1783 3408 improbos
1852 3324 2083 3409 probiS,
2147 3331 2331 3409 poeta

283 3449 436 3493 vero
483 3431 875 3513 Megarensis
930 3456 957 3488 «
991 3431 1232 3502 δειλοὺς
1263 3457 1291 3489 >>
1359 3470 1442 3477 -—
1515 3457 1543 3490 «
1579 3433 1912 3515 populares
1944 3458 1971 3490 »
2055 3457 2083 3489 «
2114 3434 2333 3505 καλοῖς

285 3536 614 3620 κ’ἀγαθοῖς
661 3564 690 3596 >>
763 3576 843 3584 -—-
915 3563 943 3595 «
975 3537 1176 3608 nobili
1236 3557 1471 3621 genere
1530 3541 1694 3601 natis
1726 3564 1753 3597 »
1827 3541 2103 3622 opponit.
2168 3540 2329 3604 Cum

458 3717 501 3784 ¹)
539 3716 778 3786 Bergkio
814 3714 1174 3786 Empedocles
1212 3717 1398 3788 potius
1424 3716 1617 3770 ‘huius
1654 3717 1957 3771 sententiae
2004 3722 2199 3773 auctor
2245 3718 2324 3773 vi-

296 3801 490 3858 detur:
528 3806 627 3859 cfr.
667 3805 818 3860 Plut.
857 3803 926 3859 de
964 3805 1012 3858 F
1013 3811 1118 3859 ort.
1155 3822 1201 3859 c,
1241 3808 1309 3860 3:
1343 3808 1486 3862 Ἐπεὶ
1511 3809 1641 3878 τύχῃ
1678 3829 1735 3877 γε
1770 3808 1863 3862 καὶ
1899 3809 2053 3877 φύσει
2078 3808 2326 3878 γενέσεως

291 3894 502 3963 ἄμεινον
536 3897 599 3952 τὰ
635 3899 843 3952 πλεῖστα
881 3903 999 3952 τῶν
1023 3898 1230 3967 ἀλόγων
1264 3898 1517 3967 κέχρηται
1557 3937 1570 3950 .
1608 3897 1670 3953 τὰ
1703 3898 1800 3967 μὲν
1824 3898 1922 3968 γὰρ
1950 3900 2198 3954 ὥπλισται
2234 3899 2323 3953 κε’-

293 4004 411 4053 ρασι
457 3987 550 4042 καὶ
603 3989 782 4042 ὀδοῦσι
836 3989 929 4043 καὶ
975 3989 1222 4059 κέντροις,
1274 3988 1438 4058 αὐτὰρ
1488 3988 1693 4058 ἐχίνοις,
1741 3989 1903 4059 φησὶν
1945 3990 2321 4060 Ἐμπεδοκλῆς,
