2961 4616
1230 318 1513 369 —11—

518 425 658 489 Vss
707 425 904 488 42-47
957 445 994 489 a
1038 425 1195 507 loco,
1247 444 1438 507 quem
1486 432 1721 508 tenent,
1770 427 2011 491 alienos
2058 446 2197 491 esse
2244 446 2393 491 cum

335 551 551 614 neque
600 531 923 615 prioribus
954 550 1169 614 neque
1201 532 1618 614 sequentibus
1649 534 1801 596 satis
1834 533 2233 616 conveniant,
2264 534 2392 615 jam

341 639 544 702 sensit
591 637 812 721 Sibyll.
860 638 1130 720 scriptor
1174 638 1288 700 hos
1335 637 1460 700 illis
1505 638 1917 720 praemittens
1963 657 2217 702 versus:

483 770 511 803 «
540 744 736 828 Μηδὲ
779 745 973 828 θέλῃς
1000 745 1304 818 πλουτεῖν,
1335 744 1494 827 μηδ’
1530 745 1741 828 εὔχου,
1766 744 1919 808 ἀλλὰ
1950 744 2082 809 τόδ’
2115 746 2307 829 εὔχου

476 852 613 935 Ζῆν
644 850 773 915 ἀπὸ
804 855 932 915 τῶν
958 851 1211 940 ὀλίγων,
1241 850 1446 934 μηδέν
1475 874 1539 914 τε
1568 852 1792 934 ἔχοντα
1825 851 2066 915 ἄδικον.
2106 877 2136 910 »

517 960 889 1042 Sequuntur
934 957 1167 1022 deinde
1214 977 1436 1023 versus
1482 958 1744 1040 Phocyl.
1809 960 1920 1041 qui
1980 965 2393 1043 praeceptum

338 1066 644 1130 traditum
688 1066 1027 1129 illustrant.
1663 1083 1668 1086 “

476 1175 645 1238 Ante
693 1194 780 1238 vs.
829 1175 915 1237 48
959 1173 1311 1257 praemittit
1355 1193 1458 1236 vs:

469 1282 664 1366 Μηδὲ
695 1282 928 1353 δόλους
959 1282 1228 1365 ῥάπτειν,
1258 1280 1349 1364 μὴ
1381 1279 1548 1364 πρός
1577 1281 1762 1362 φίλον
1807 1280 1962 1365 ἦτορ
1993 1281 2264 1356 ὁπλίζειν

335 1391 526 1454 cuius
570 1390 849 1473 primum
896 1388 1375 1452 hemistichium
1422 1407 1506 1452 ex
1552 1387 1911 1472 Pseudoph.
1960 1409 2015 1452 v,
2049 1390 2090 1451 4
2122 1390 2393 1472 petitum

335 1518 477 1562 esse
525 1498 742 1580 liquet.

514 1605 598 1668 Et
658 1604 770 1687 qui
832 1604 1018 1687 plura
1081 1603 1297 1667 videre
1361 1603 1516 1686 vult,
1569 1623 1789 1668 omnes
1854 1605 2047 1668 huius
2096 1606 2396 1668 carminis

336 1713 777 1776 adnotationes
823 1711 1084 1793 Bergkii
1130 1711 1357 1793 videat,
1406 1711 1529 1774 alia
1559 1712 1823 1795 insuper
1853 1713 1994 1775 aliis
2027 1731 2061 1775 e
2095 1713 2394 1776 carminis

204 1855 211 1861 ·
331 1819 682 1903 pseudoph.
715 1819 874 1883 locis
906 1817 1241 1901 desumpta
1268 1818 1572 1900 inveniet7
1605 1820 1660 1881 si
1691 1819 2007 1902 patienter
2033 1819 2272 1883 librum
2310 1819 2391 1882 II.

332 1927 534 1992 Sibill.
580 1926 937 2010 perlegerit.

518 2035 646 2099 Hic
691 2035 850 2097 mihi
895 2035 1184 2097 innuisse
1231 2033 1519 2098 sufficiat
1550 2053 1773 2098 versus
1811 2036 2007 2102 13-15
2043 2035 2279 2118 Sibyll:

478 2168 727 2206 ........
761 2142 945 2206 ὅσσαι
976 2141 1033 2205 δ’
1069 2142 1158 2205 ἑνὶ
1188 2142 1434 2224 γαστέρι
1465 2141 1725 2225 φόρτοις

464 2250 1007 2334 Ἐκτρώσκουσιν,
1040 2249 1178 2315 ὅσοι
1207 2248 1501 2321 τοκετοὺς
1532 2250 1852 2334 ῥίπτουσιν
1885 2251 2191 2334 ἀθέσμως

482 2358 830 2441 Φαρμακοὶ
873 2358 984 2421 καὶ
1029 2357 1458 2441 φαρμακίδες.
1484 2409 1496 2421 .
1518 2409 1529 2422 .

337 2486 374 2531 e
424 2466 715 2530 versibus
765 2465 910 2547 149,
954 2466 1152 2527 183-4
1183 2464 1543 2548 Pseudoph.
1575 2465 1799 2548 procul
1832 2465 2025 2529 dubio
2060 2466 2393 2530 conflatos:

388 2576 534 2638 149.
567 2575 883 2657 φάρμακα
928 2572 1018 2657 μὴ
1066 2574 1300 2656 τεύχειν
1317 2624 1490 2637 ......

387 2684 531 2745 184.
562 2681 728 2765 μηδὲ
758 2681 914 2765 γυνὴ
945 2682 1192 2765 φθείρει
1220 2681 1464 2765 βρέφος
1493 2683 1780 2765 ἔμβρυον
1813 2682 2032 2746 ἔνδοθι
2065 2682 2349 2765 γαστρός.

390 2792 533 2855 185.
565 2790 731 2874 μηδὲ
760 2797 1029 2855 τεκοῦσα
1063 2789 1244 2854 κυσὶν
1275 2790 1430 2873 ῥίψῃ
1462 2789 1572 2853 καὶ
1604 2796 1795 2871 γυψῖν
1826 2790 2052 2873 ἕλωρα.

564 2899 628 2979 4)
675 2896 906 2960 Omnia
952 2916 1116 2980 quae
1161 2898 1232 2959 in
1260 2897 1341 2959 H.
1375 2895 1596 2977 Sibyll.
1628 2896 1791 2959 libro
1824 2896 2039 2960 addita
2069 2898 2171 2961 vel
2201 2898 2397 2961 inter-

335 3005 549 3089 polata
593 3009 759 3087 sunt,
809 3024 1197 3087 quamquam
1241 3023 1452 3086 neque
1499 3005 2117 3088 Pseudophocylidis
2148 3011 2397 3088 γνῶμαι

336 3116 449 3175 aut
492 3131 906 3175 numerorum
953 3110 1267 3194 elegantia
1312 3117 1423 3173 aut
1466 3113 1778 3175 sermonis
1826 3111 2185 3177 urbanitate
2228 3132 2396 3177 com-

336 3219 736 3299 mendantur,
784 3224 848 3281 at
894 3222 1114 3282 contra
1156 3218 1431 3300 plurima
1461 3218 1657 3282 verba
1688 3224 1752 3283 et
1782 3224 2186 3284 constructus
2217 3221 2397 3283 novi-

337 3327 475 3390 ciae
522 3326 785 3408 originis
830 3344 980 3408 prae
1028 3344 1096 3389 se
1141 3325 1375 3406 ferunt,
1426 3327 1648 3408 procul
1698 3325 1893 3390 dubio
1942 3335 2160 3391 tamen
2207 3328 2399 3390 etiam

331 3435 548 3496 minus
591 3434 810 3515 peritis
855 3433 1057 3496 multo
1103 3433 1418 3496 deteriora
1462 3438 1781 3517 apparent.

518 3539 766 3615 Quibus
813 3539 1109 3602 omnibus
1155 3541 1501 3622 perpensis,
1533 3541 1675 3604 iure
1724 3542 2079 3621 meritoque
2113 3542 2270 3604 haec
2299 3542 2397 3603 in—

332 3648 490 3710 ferri
537 3651 828 3730 possunt:

562 3755 626 3834 α)
673 3754 938 3817 Suidam
984 3753 1396 3836 compilatum
1443 3773 1592 3817 cum
1650 3755 2059 3838 compilatore
2117 3774 2399 3819 commu-

338 3866 523 3924 tasse.

558 3970 624 4052 β)
670 3969 739 4033 Si
784 3970 1066 4035 secundo
1112 3974 1255 4052 post
1300 3969 1442 4032 Chr.
1485 3990 1545 4032 n.
1580 3971 1836 4034 saeculo
1869 3971 2033 4035 liber
2059 3973 2139 4035 Π,
2173 3970 2394 4053 Sibyll.
