2961 4616
1514 361 1581 368 -
1619 328 1688 382 22
1730 360 1795 368 -

803 437 1039 502 Confer
1085 459 1140 501 V.
1193 439 1272 501 19
1324 440 1511 502 etiam
1564 460 1711 504 cum
1760 441 1997 505 Sirach.
2029 442 2140 524 IV,
2174 444 2287 505 2-4
2320 443 2673 528 -Ἱκήτην

623 541 1007 629 θλιβομένον
1037 545 1128 629 μὴ
1162 546 1534 620 ἀπαναίνου,
1566 547 1676 611 καὶ
1703 548 1795 631 μὴ
1829 549 2238 634 ἀποστρέψῃς
2270 550 2446 615 δόσιν
2477 576 2671 634 προσ·-

623 653 931 736 ὂεομὲνου
980 703 1156 717 ......
1206 656 1246 715 4
1296 692 1377 699 -
1426 654 1643 738 ψυχὴν
1705 661 2026 721 πεινῶσαν
2085 657 2176 740 μὴ
2223 658 2508 742 λυπήσῃς
2551 660 2674 725 κτλ.

620 762 895 826 Versum
924 764 1007 826 20
1042 762 1147 825 alii
1182 763 1304 826 alio
1338 764 1526 827 modo
1557 766 1956 847 interpretati
1987 770 2152 847 sunt,
2184 787 2296 849 pro
2328 768 2676 831 lectionum

622 870 1020 934 diversitate:
1055 908 1138 915 —-
1176 871 1427 954 γλώσσῃ
1474 872 1637 953 βοῦν
1669 872 1906 954 ἐχέμεν,
1954 899 2014 937 κ.
2060 873 2112 936 λ.
2160 874 2205 939 ἕ.
2253 898 2321 956 φ,
2369 876 2404 937 ἴ.
2440 913 2527 920 —

800 978 1038 1041 Verum
1088 997 1315 1060 graece
1361 979 1774 1061 proverbium
1821 982 1915 1044 sic
1958 982 2159 1063 jacet:
2195 1020 2277 1027 —
2310 983 2472 1065 ἔχειν
2516 984 2677 1063 βοῦν

620 1082 719 1146 ἐπὶ
744 1083 1016 1165 γλώττης
1045 1086 1104 1165 1).
1142 1123 1222 1130 --
1245 1085 1334 1147 At
1363 1084 1653 1166 Bernays
1686 1086 1947 1150 alteram
1971 1107 2193 1151 versus
2218 1091 2459 1170 partem
2488 1108 2675 1171 quam

620 1194 878 1257 inanem
924 1194 1164 1277 primae
1212 1195 1614 1258 iterationem
1671 1196 2004 1277 reputavit,
2063 1197 2247 1260 aliter
2305 1198 2673 1279 proposuit:

623 1321 886 1384 nempe:
924 1340 1007 1347 —
1039 1300 1343 1382 κρύπτων
1379 1300 1572 1384 λόγον
1617 1303 1684 1366 ἓν
1731 1302 1954 1385 φρεσὶν
1999 1304 2134 1386 ἴψῃ,
2184 1323 2259 1366 ac
2304 1305 2358 1366 Si
2405 1303 2677 1367 Levitici

623 1410 944 1493 praecepti
991 1408 1175 1490 XIX,
1227 1411 1305 1473 17
1356 1409 1768 1491 παράφρασις
1799 1415 1993 1474 esset:
2031 1446 2113 1457 —
2149 1412 2227 1476 οὗ
2252 1412 2533 1493 μισείσῃς
2573 1399 2680 1475 τὸν

624 1517 902 1598 ἀδελφόν
950 1541 1067 1581 σου
1113 1523 1187 1599 τῇ
1235 1517 1480 1599 ὂιανοίᾳ
1512 1537 1646 1582 σου·
1695 1518 1943 1599 ἕλεγμῷ
1987 1519 2249 1599 ἕλέγξεις
2277 1518 2386 1582 τὸν
2415 1519 2679 1602 πλησίον

620 1648 757 1696 σου,
802 1624 917 1688 παὶ
962 1625 1040 1688 οὗ
1067 1622 1258 1707 ’λήψῃ
1308 1624 1380 1688 ὂί
1430 1623 1623 1688 αὐτὸν
1663 1626 1990 1707 ἁμαρτίαν.
2024 1665 2107 1672 -
2141 1626 2345 1703 Quam
2379 1626 2674 1689 emenda-

627 1734 866 1796 tionem
898 1734 1091 1796 nimis
1115 1733 1518 1796 temerariam
1550 1732 1889 1796 arbitratus
1919 1733 2148 1816 Bergk,
2179 1753 2317 1797 rem
2354 1738 2498 1816 apte
2531 1754 2678 1797 con-

618 1839 818 1903 ficere
866 1839 1128 1920 studuit,
1176 1843 1416 1922 puncto
1464 1843 1608 1921 post
1654 1877 1738 1884 —
1771 1840 2055 1921 κρυπτόν
2088 1879 2171 1886 -
2217 1842 2439 1922 positO,
2488 1846 2676 1922 atque

623 1946 692 2010 τὸ
731 1973 759 2004 <<
798 1952 951 2017 νοῦς
988 1973 1015 2005 >>
1054 1967 1168 2030 pro
1207 1972 1236 2004 «
1269 1947 1652 2028 cogitatione
1684 1972 1711 2005 »
1749 1967 1881 2010 non
1914 1967 2064 2011 vero
2097 1968 2210 2031 pro
2243 1973 2271 2005 «
2304 1948 2615 2031 sapientia
2643 1973 2670 2006 »

622 2058 883 2137 accepto
920 2056 997 2135 2);
1062 2053 1173 2118 cfr.
1232 2055 1435 2137 Teog:
1486 2075 1542 2117 V.
1593 2055 1671 2117 91
1720 2093 1803 2101 -—
1853 2057 1925 2126 ὃς
1971 2055 2043 2119 δέ
2084 2062 2200 2139 μιῇ
2255 2056 2508 2138 γλώσσῃ
2563 2054 2673 2138 ὁιχ*

622 2164 747 2245 ἔχει
792 2161 960 2226 νόον.
995 2200 1071 2207 —-

801 2250 1115 2344 Quocirca
1183 2286 1409 2331 sensus
1474 2267 1605 2331 huc
1666 2273 1943 2332 verteret
1975 2290 1988 2332 :
2067 2294 2096 2327 «
2149 2269 2432 2334 Mentem
2507 2275 2677 2333 tuam

620 2359 891 2457 loquens
923 2375 1274 2455 absconde3
1310 2377 1523 2438 animo
1555 2378 2107 2441 ratiocinationem
2140 2383 2313 2441 tuam
2339 2380 2611 2442 contine.
2643 2404 2669 2437 >›

619 2483 1031 2546 Tutissimum
1101 2487 1309 2545 tamen
1378 2483 1544 2546 duco
1599 2482 1940 2548 lectionem
2007 2485 2324 2567 vulgatam
2385 2487 2675 2565 retinere,

624 2610 814 2671 quam
848 2595 1132 2653 ceterum
1167 2590 1355 2653 etiam
1388 2590 1458 2651 in
1488 2587 1698 2652 Crusii
1733 2591 2018 2654 editione·
2045 2596 2358 2654 servatam
2388 2592 2673 2660 invenio:

623 2718 770 2761 cum
818 2698 1081 2779 insuper
1126 2715 1347 2759 versus
1395 2697 1479 2760 20
1530 2716 1565 2760 e
1613 2717 1745 2780 cap.
1801 2697 1983 2778 XXI,
2020 2699 2102 2760 25
2138 2698 2358 2762 Sirach
2408 2698 2678 2761 derivari

622 2804 949 2867 videatur:
987 2841 1070 2847 ——
1103 2802 1270 2885 χείλη
1342 2801 1687 2884 ἀλλοτρίων
1760 2804 1828 2866 ἐν
1895 2804 2136 2875 τούτοις
2193 2804 2676 2887 βαρυνθήσεται,

621 2910 797 2992 λόγοι
845 2910 914 2973 δὲ
959 2910 1297 2992 φρονίμων
1342 2910 1409 2972 ἓν
1456 2911 1635 2991 ζυγῷ
1681 2911 2116 2993 σταθήσονται·
2149 2912 2216 2974 ἕν
2256 2910 2512 2991 στόματι
2541 2934 2675 2992 μω-

623 3022 760 3098 ρῶν
805 3016 844 3098 ῆ
893 3015 1125 3097 καρδία
1175 3016 1403 3093 αὐτῶν,
1450 3015 1684 3095 καρδία
1723 3016 1792 3079 δὲ
1824 3021 2051 3097 σοφῶν
2082 3017 2281 3097 στόμα
2311 3017 2528 3079 αὐτῶν
2563 3037 2675 3093 —-·,

625 3131 816 3206 atque
866 3124 987 3186 hoc
1019 3124 1418 3206 significare:
1457 3161 1539 3168 —
1573 3124 1650 3185 In
1684 3123 1955 3187 dicendo
1990 3125 2226 3207 pariter
2272 3131 2335 3188 et
2364 3125 2433 3186 in
2465 3128 2677 3187 tacen-

625 3232 705 3293 do
767 3230 1105 3313 prudentia
1167 3229 1495 3292 utendum.
1529 3267 1611 3274 —
1654 3229 1953 3293 Ceterum
2008 3250 2125 3292 vss
2180 3232 2333 3293 2Ο-1
2393 3229 2678 3310 Bernays

625 3338 930 3402 delendos
975 3356 1114 3400 esse
1155 3341 1389 3418 censet,
1433 3346 1507 3399 ut
1536 3337 1613 3399 ab
1643 3337 1783 3401 loco
1813 3337 2088 3417 alienos3
2125 3337 2296 3418 quod
2345 3337 2681 3400 confirmat

798 3646 837 3704 ¹)
873 3645 1117 3714 Theogn.
1149 3646 1221 3713 (v.
1250 3644 1356 3699 815
1383 3641 1558 3728 Anth.
1586 3643 1797 3710 CruS.):

799 3767 863 3778 -ψ
888 3738 1029 3795 Βοῦς
1053 3757 1142 3803 μοι
1167 3736 1251 3788 ἐπὶ
1274 3734 1504 3803 γλώττης
1523 3743 1766 3803 κρατερῷ
1783 3735 1905 3788 ποδὶ
1923 3734 2021 3797 λὰξ
2044 3735 2326 3802 ἐπιβαίνων
2351 3736 2480 3802 ἴσχει
2504 3732 2687 3786 κωτίλ-

616 3828 722 3880 λειν
759 3828 949 3893 καίπερ
987 3825 1337 3892 ἐπιστάμενον.
1365 3854 1430 3860 --

797 3915 837 3982 ²)
877 3914 1063 3979 Quam
1111 3912 1401 3966 lectionem
1452 3909 1688 3981 Ludwig
1735 3910 2114 3981 comprobavit
2165 3910 2475 3980 (Lectiones
2520 3909 2685 3962 Pseu-

617 4001 856 4073 dophoc.
899 4002 1148 4071 Regiom.
1189 4000 1368 4068 1892).
1404 4019 1407 4022 ·
