2961 4616
1179 318 1460 376 -29—

284 434 447 518 ὑπὲρ
492 436 718 510 ἔλαιον,
763 434 873 499 καὶ
917 435 1100 499 αῦτοί
1138 437 1250 500 εἰσι
1293 435 1556 518 βολίόες.
1592 472 1675 482 -
1711 434 1906 517 LVII,
1938 437 1980 497 4
2015 473 2099 481 —
2151 436 2260 501 καὶ
2307 438 2346 519 ἡ

284 542 541 624 γλῶσσα
587 543 799 606 αὐτῶν
842 542 1126 625 μάχαιρα
1175 542 1345 615 ὀξεῖα
1385 579 1469 588 -—
1502 541 1672 623 LIX,
1726 545 1759 604 7
1814 579 1897 588 ——-
1942 543 2232 626 ῥομφαία
2280 543 2349 607 ἓν

283 655 411 719 τοῖς
454 650 713 732 χείλεσιν
758 649 987 730 αὐτῶν,
1022 685 1107 694 -
1154 648 1386 730 LXIV,
1444 652 1483 712 3
1543 686 1626 694 —
1674 648 2002 732 ἠκόνησαν
2048 651 2143 721 ὥς
2187 650 2346 733 ῥομ-

284 755 482 838 φαίαν
512 755 621 826 τὰς
651 755 927 837 γλώττας
957 755 1186 819 αὐτῶν.
1217 792 1301 801 -—
1334 755 1452 819 Ier.
1488 755 1536 837 I,
1571 757 1610 817 8
1645 792 1729 801 -—
1764 756 1940 839 βολὶς
1967 757 2347 839 τιτρώσκου-

283 884 365 925 σα
415 864 454 945 ἡ
503 863 759 945 γλῶσσα
807 864 1036 926 αὐτῶν.
1070 900 1156 907 -
1189 863 1372 925 Prov.
1408 861 1654 944 XVIII,
1687 864 1768 925 21
1808 900 1891 910 —
1923 864 2203 935 θάνατος
2236 865 2345 928 καὶ

285 968 422 1051 ζωὴ
470 969 536 1032 ἒν
581 969 738 1052 χειρὶ
792 969 1100 1052 γλώσσης,
1162 970 1225 1032 οἱ
1278 969 1348 1032 a&
1409 975 1788 1052 κρατοῦντες
1849 971 2041 1053 αὐτῆς
2101 970 2347 1034 ἔδονται

280 1076 427 1147 τοὺς
471 1076 762 1160 καρποὺς
807 1077 1016 1160 αὐτῆς.
1048 1113 1131 1122 -
1166 1077 1274 1139 VS.
1309 1078 1434 1140 130
1464 1078 1653 1157 juxta
1685 1077 1868 1140 Prov.
1903 1077 2149 1159 XXIV,
2185 1078 2222 1138 5
2262 1113 2345 1122 -——

283 1184 616 1269 Κρείσσων
663 1184 866 1268 σοφὸς
911 1187 1196 1268 ἰσχυροῦ,
1243 1185 1351 1248 καὶ
1397 1185 1560 1268 ἀνὴρ
1593 1185 1904 1269 φρόνησιν
1934 1187 2102 1268 ἔχων
2143 1209 2342 1268 γεωρ-

287 1295 426 1376 γίου
470 1294 768 1376 μεγάλου.
804 1330 888 1338 ——-
922 1293 1062 1356 VSS.
1116 1293 1344 1355 132-3:
1380 1329 1463 1338 —-
1508 1294 1628 1376 οῦχ
1676 1294 1852 1356 ὅσιον
1897 1295 2195 1376 κρύπτειν
2235 1292 2344 1357 τὸν

285 1401 646 1464 ἀτάσθαλον
684 1400 865 1483 ἄνᾶρ’
898 1400 1285 1481 ἀνέλεγκτον,
1319 1399 1472 1463 ἀλλὰ
1504 1400 1627 1483 χρὴ
1662 1400 2020 1483 κακοεργὸν
2053 1402 2345 1484 ἀποτρω-

285 1510 533 1575 πᾶσθαι
577 1511 840 1593 ἀνάγκῃ.
874 1546 958 1555 —-
1004 1512 1416 1592 praeceptum
1464 1509 1839 1572 hebraicum
1873 1509 2146 1591 tradunt,
2178 1509 2350 1591 quod

285 1616 523 1700 legitur
574 1618 644 1679 in
704 1617 1149 1698 antiquissimo
1195 1615 1467 1679 Levitioi
1516 1617 1970 1679 commentario
2006 1654 2089 1661 —
2138 1616 2346 1680 Sifra:

284 1742 593 1861 ῙΡῚΠΨῬ
634 1761 862 1836 ’ΝΨἿ
908 1760 1156 1837 :z’ssw
1201 1760 1405 1854 'H'm
1449 1752 1536 1834 Ἰ)
1580 1756 1753 1845 ὩἸῬ
1796 1758 2004 1835 mm>
2052 1760 2229 1857 VJD
2257 1788 2336 1801 -

648 1921 723 1936 -
778 1895 950 1997 7⁹97
997 1896 1112 1971 m
1159 1866 1277 1986 Ἃ)
1342 1893 1667 1987 mayn
1713 1865 1828 1967 ιε)
1869 1931 2092 1949 ......
2141 1860 2356 1984 m„

285 2026 563 2090 Versum
613 2027 737 2088 135
787 2026 1009 2089 confer
1054 2045 1204 2089 cum
1251 2025 1435 2088 Prov.
1485 2024 1738 2106 XXIX,
1788 2026 1914 2087 24:
1951 2062 2036 2070 ——
2073 2023 2197 2095 Ὃς
2240 2048 2350 2106 με-

289 2134 528 2216 ρίζηται
588 2134 817 2215 κλέπτῃ
875 2139 1048 2215 μισεῖ
1084 2132 1196 2215 τὴν
1241 2133 1468 2196 ἑαυτοῦ
1514 2132 1731 2216 ψυχὴν
1775 2132 1956 2196 κ.τ.λ..

470 2239 578 2301 VS.
631 2240 794 2302 140:
852 2263 879 2295 «
918 2245 1146 2322 κτῆνος
1176 2241 1298 2322 κῆν
1328 2239 1591 2322 ἑχθροῖο
1637 2240 1798 2322 πέσῃ
1845 2237 2010 2301 καθ’
2036 2237 2209 2320 ὁδόν,
2243 2261 2349 2301 συ-

290 2348 523 2430 νέγειρε
561 2372 590 2405 >>
629 2347 707 2408 ab
755 2346 957 2409 Exod.
1006 2345 1256 2427 XXIII,
1308 2348 1344 2407 5
1395 2345 1752 2409 derivatur:
1802 2384 1888 2391 —
1927 2345 2071 2413 Ἐὰν
2113 2345 2183 2409 δὲ
2213 2347 2352 2428 ἴδῃς

285 2452 356 2517 τὸ
401 2453 748 2535 ὑποζύγιον
791 2459 903 2516 τοῦ
949 2454 1192 2535 ἐχθροῦ
1225 2476 1342 2516 σου
1372 2452 1693 2536 πηπωκὸς
1721 2451 1850 2516 ὕπὸ
1879 2452 1950 2515 τὸ
1986 2451 2193 2535 γόμον
2236 2453 2348 2515 αύ-

285 2567 415 2635 τοῦ,
462 2562 540 2624 οὗ
583 2560 938 2643 παρελεύσῃ
986 2559 1158 2633 αὐτὸ,
1205 2559 1360 2623 ἀλλὰ
1416 2566 1707 2643 συναρεῖς
1761 2558 1914 2623 αὐτὸ
1969 2560 2097 2642 μετ’
2131 2560 2342 2622 αὐτοῦ.

286 2707 372 2714 -
404 2668 508 2732 vel
539 2689 577 2731 a
608 2667 792 2731 Deut.
840 2667 1058 2748 XXII,
1106 2668 1182 2728 4:
1217 2704 1299 2712 —-
1338 2666 1477 2731 Οὐκ
1529 2669 1662 2750 ὄψῃ
1695 2667 1804 2730 τὸν
1837 2667 1990 2730 ὄνον
2022 2672 2133 2730 τοῦ
2168 2666 2346 2729 ἀδελ-

286 2781 418 2858 φοῦ
465 2798 582 2839 σου
628 2777 668 2857 ἢ
714 2774 822 2837 τὸν
865 2774 1114 2857 μόσχον
1158 2774 1353 2837 αὐτοῦ
1398 2773 1813 2843 πεπτωκότας
1859 2774 1925 2836 ἐν
1970 2780 2046 2856 τῇ
2079 2773 2221 2855 ὁδῷ
2249 2773 2339 2856 μὴ

284 2882 588 2968 ὖπερίδῃς
632 2881 878 2954 αὐτοὺς,
929 2881 1164 2944 ἀνισῶν
1210 2881 1577 2964 ἀναστήσεις
1620 2879 1745 2963 μετ’
1798 2882 2010 2944 αὗτοῦ.
2062 2918 2145 2925 -
2196 2881 2349 2944 Per-

285 2991 447 3052 mire
495 2988 655 3051 mihi
702 2987 955 3051 videtur
979 2988 1168 3051 lectio
1217 3025 1301 3032 ——
1347 2987 1583 3071 βροτόν
1631 3024 1713 3032 —-
1762 2989 1831 3049 in
1873 2987 2066 3069 βοτόν
2114 3008 2151 3050 a
2191 2987 2347 3051 Ber-

288 3097 514 3177 naysio
560 3101 804 3158 mutata
846 3097 917 3158 in
963 3115 1154 3158 versu
1203 3096 1362 3157 141:

285 3258 691 3340 πλαζομενον
711 3257 780 3320 δὲ
801 3203 994 3286 βοτὸν
1254 3203 1594 3286 ἁλίτροπον
1685 3205 1804 3286 οὐχ
1850 3204 2189 3278 ὗπαλύξεις

801 3311 1053 3394 βροτὸν,
1070 3310 1179 3374 καὶ
1254 3311 1544 3394 ἀλήμονα
1681 3313 1905 3395 μήποτ’
1935 3312 2191 3397 ἐλέγξῃς
2217 3350 2300 3357 -
2330 3334 2344 3392 ;

289 3418 525 3502 legitur
570 3419 744 3481 enim
788 3419 858 3480 in
903 3417 1090 3481 Deut.
1139 3417 1290 3499 XX,
1342 3420 1397 3499 1,
1447 3420 1518 3481 3:
1555 3456 1638 3463 —
1672 3418 1810 3501 Μὴ,
1858 3419 2018 3483 ἰδὼν
2071 3419 2179 3482 τὸν
2232 3420 2352 3502 μό-

290 3549 448 3609 σχον
477 3532 606 3591 τῶν
651 3527 949 3610 ἀόελφῶν
995 3550 1113 3590 σου
1160 3529 1200 3609 ἢ
1245 3526 1576 3610 πρόβατον
1624 3527 1818 3590 αὐτοῦ
1865 3527 2254 3609 πλαζώμενα
2286 3528 2352 3590 ἕν

291 3642 383 3717 τῷ
428 3636 585 3718 ὁόῷ,
629 3636 931 3719 ὗπερίδῃς
975 3636 1149 3698 αὐτά·
1198 3638 1578 3720 ἀποστροφῇ
1608 3636 2024 3718 ἀποστρέψεις
2064 3634 2220 3698 αὐτὰ
2256 3642 2349 3716 τῷ

292 3745 554 3829 ἀδελφῷ·
598 3768 716 3809 σου
761 3745 870 3809 καὶ
915 3744 1275 3815 ἀποδώσεις
1319 3746 1495 3827 αὐτῷ
1528 3783 1611 3790 -
1647 3746 1752 3807 Vs.
1791 3746 1935 3826 144,
1972 3745 2009 3807 6
2046 3763 2081 3807 e
2107 3743 2345 3808 Siraoh.

294 3874 345 3919 e.
394 3855 542 3937 XII,
590 3858 672 3919 33
722 3857 1035 3939 originem
1081 3854 1375 3918 trahunt:
1427 3893 1510 3901 -
1547 3855 1701 3919 Ἀπὸ
1748 3856 2102 3938 σπινθῆρος
2147 3853 2352 3937 πυρὸς

295 3965 679 4048 πληθύνεται
724 3965 1062 4048 ἀνθρακία,
1109 3966 1217 4029 καὶ
1263 3965 1616 4047 ἅνθρωπος
1661 3965 2020 4047 ἆμαρτολὸς
2065 3964 2152 4034 εἷς
2195 3964 2351 4046 αἷμα
