2961 4616
1467 346 1534 352 -
1575 313 1645 368 58
1685 345 1750 352 .-

593 424 781 506 quale
828 429 1042 487 nostro
1091 428 1374 507 tempore
1422 424 1889 506 circumfertur,
1919 425 2214 507 iniquum
2240 429 2420 506 esset,
2453 425 2650 507 quod,

593 532 927 596 emendata
972 532 1139 613 licet,
1187 532 1398 595 studio
1448 537 1515 596 et
1559 552 1716 596 cura
1760 533 2114 615 Bernaysii,
2177 533 2454 615 Bergkii,
2522 533 2652 596 Go-

587 641 788 722 ramii,
840 640 1178 723 Ludwigii,
1213 642 1514 704 carminis
1545 641 1753 723 lecti0,
1787 637 2178 726 interpolatis
2210 661 2453 724 suaque
2492 643 2650 706 sede

592 748 945 812 exturbatis
971 748 1277 828 versibus,
1303 753 1518 813 scatet.
1546 749 1746 831 Cujus
1786 750 2045 832 quidem
2078 749 2290 813 damni
2320 769 2395 813 ea
2426 749 2652 813 afferri

589 874 780 918 causa
826 859 1047 938 potest,
1089 854 1277 936 quod,
1310 855 1377 916 in
1411 854 1770 918 scholarum
1807 855 2143 919 utilitatem
2176 855 2429 918 assidue
2462 855 2646 918 adhi-

588 963 810 1045 bitum,
857 967 1082 1046 poema
1127 984 1164 1026 a
1208 962 1584 1044 Byzantinis
1631 963 1913 1026 studiose
1946 964 2198 1046 saepius
2230 966 2644 1027 retractatum

586 1069 797 1133 fuerit.
846 1068 1214 1133 Scribarum
1261 1068 1520 1150 quidem
1569 1070 1889 1152 imperitia
1921 1076 2168 1133 textum
2201 1070 2435 1153 passim
2467 1070 2648 1132 varia

586 1177 860 1240 lectione
910 1177 1224 1259 corrupit3
1275 1175 1528 1240 diversa
1573 1177 2078 1258 Byzantinorum
2122 1178 2567 1261 pronunciatio
2601 1180 2647 1251 1)

587 1284 961 1368 ambiguum
1011 1304 1139 1346 non
1187 1284 1383 1347 semel
1431 1285 1774 1348 verborum
1822 1305 2083 1349 sensum
2128 1286 2314 1348 fecit:
2364 1285 2645 1348 vocabu-

587 1392 795 1454 lorum
841 1389 1122 1472 syllabae
1168 1395 1524 1473 postremae
1572 1392 1963 1473 imminutae,
2017 1393 2191 1474 ipsae
2252 1390 2644 1472 Byzantino-

586 1518 730 1561 rum
779 1498 1203 1562 correctiones
1233 1504 1296 1560 et
1332 1498 1870 1580 interpolationeS,
1904 1517 2162 1580 eaeque,
2196 1499 2449 1580 saepius
2481 1503 2643 1561 tem-

587 1607 758 1689 poris
804 1625 1107 1689 processu
1155 1606 1550 1688 depravatae,
1597 1608 1828 1671 misere
1875 1612 2098 1690 peema
2147 1610 2350 1669 totum
2393 1611 2646 1689 pertur-

587 1713 834 1775 barunt.
1793 1730 1799 1738 ·

765 1819 1021 1883 Certum
1073 1824 1169 1882 est
1212 1839 1335 1883 nec
1380 1821 1586 1883 nitore
1630 1839 1751 1884 nec
1800 1820 2138 1884 verborum
2200 1821 2377 1885 cultu
2441 1822 2643 1885 Pseu-

587 1927 1077 2010 dophocylidem
1126 1926 1575 2009 commendari,
1608 1928 1722 1991 sed
1754 1930 1932 1991 tenui
1967 1928 2224 1992 dicendi
2257 1948 2491 2011 genere
2525 1930 2639 1992 uti.

588 2034 789 2117 Cujus
836 2053 1090 2097 carmen
1139 2036 1204 2096 in
1253 2035 1533 2097 historiis
1579 2035 1933 2099 litterarum
1980 2056 2351 2119 graecarum
2394 2041 2539 2119 post
2565 2037 2642 2100 τὰ

592 2169 619 2200 «
651 2142 884 2225 Χρυσᾶ
914 2144 1032 2226 ἔπη
1067 2169 1095 2200 >>
1151 2162 1314 2225 quae
1347 2163 1541 2227 supra
1572 2145 1997 2228 expendimus
2030 2149 2221 2227 atque
2258 2164 2408 2208 cum
2439 2145 2643 2208 Pseu-

587 2250 1053 2334 dophocylidea
1078 2252 1602 2334 comparavimus,
1628 2252 2095 2316 recensendum
2121 2271 2259 2317 esse
2292 2253 2484 2316 etiam
2517 2252 2643 2316 Go-

583 2379 719 2421 ram
765 2359 1016 2423 fatetur.
1065 2359 1293 2442 Neque
1326 2379 1476 2423 vero
1509 2360 1670 2424 illud
1703 2381 1737 2424 e
1772 2361 2256 2425 collectionibus
2287 2361 2638 2443 lyricorum

589 2466 1055 2529 extrahendum
1103 2485 1240 2529 esse
1289 2467 1496 2547 cred0,
1532 2486 1679 2530 cum
1711 2467 1895 2530 nobis
1927 2468 2196 2550 vestigia
2225 2467 2503 2551 plurima
2533 2487 2644 2532 ve-

586 2577 795 2636 terum
840 2579 1169 2656 poetarum
1203 2594 1432 2638 aureae
1466 2576 1689 2638 aetatis
1721 2577 1970 2658 referat,
1996 2576 2412 2658 mediumque
2444 2577 2643 2641 inter-

586 2681 771 2744 cedat
816 2683 1144 2764 antiquam
1189 2683 1359 2745 inter
1405 2687 1469 2745 et
1513 2684 1935 2746 recentiorem
1982 2688 2330 2767 γνωμικῶν
2375 2685 2618 2766 poesin.

763 2787 1061 2851 Debitam
1104 2788 1250 2851 ideo
1298 2788 1391 2850 illi
1438 2788 1657 2851 sedem
1705 2787 1971 2852 Crusius
2005 2789 2076 2852 in
2106 2808 2225 2853 sua
2250 2789 2647 2873 Anthologia

586 2895 945 2978 assignavit.

1469 3092 1709 3157 Doctor
1752 3094 1972 3159 Amnis
2017 3094 2327 3159 ALovsms
2374 3095 2646 3160 ZANonLt

757 3448 794 3515 ¹)
832 3464 944 3518 qua
981 3444 1274 3520 diphtongi
1310 3470 1371 3513 ει,
1410 3470 1459 3503 οι
1497 3464 1626 3500 cum
1651 3471 1703 3518 η,
1730 3452 1899 3518 atque
1922 3472 1975 3504 αι
2001 3466 2131 3502 cum
2166 3472 2192 3504 ε
2231 3450 2635 3520 permutaban-

590 3543 714 3589 tur-z
753 3553 854 3590 nec
890 3553 1001 3590 non
1038 3537 1181 3590 ratio
1217 3535 1493 3591 scribendi
1531 3554 1643 3607 qua
1677 3560 1725 3612 κ,
1752 3555 1881 3592 cum
1919 3562 1952 3609 η
1994 3539 2114 3608 (cfr.
2145 3539 2327 3610 Bergk
2364 3556 2458 3611 op.
2499 3542 2632 3611 cit.).
