2961 4616
1466 367 1528 376 -
1572 338 1640 389 44
1682 370 1746 376 .-

578 447 884 529 Αἷγύπτοι
945 446 1023 511 οὗ
1075 453 1203 518 τοῖς
1261 448 1617 532 ἐπιτυχοῦσι
1657 448 1731 512 τὰ
1784 449 1961 531 παρὰ
2017 449 2223 532 σφίσιν
2276 449 2629 514 ἀνετίθεντο

577 556 909 639 μυστήρια,
942 555 1094 621 οὐδὲ
1137 556 1268 639 μὴν
1311 558 1607 641 βεβήλοις
1650 558 1763 641 τὴν
1805 563 1934 622 τῶν
1979 558 2177 623 θείων
2221 559 2457 642 εἴδησιν
2503 560 2631 633 ἑξέ-

582 688 787 748 φερον
817 665 929 729 ἀλλ
967 666 1032 748 ’ἢ
1078 665 1304 747 μόνοις
1349 690 1418 748 γε
1461 667 1797 749 μέλλουσιν
1842 667 1943 730 ἐπὶ
1987 667 2307 750 βασιλείαν
2334 669 2625 749 προϊέναι

581 774 690 838 καὶ
743 779 872 839 τῶν
918 775 1141 857 ἷερέων
1184 781 1312 847 τοῖς
1356 777 1666 860 κριθεῖσιν
1710 776 1864 841 εἶναι
1912 777 2348 859 δοκιμοτάτοις
2392 777 2523 841 ἀπό
2567 802 2632 842 τε

584 888 694 966 τῆς
722 890 985 967 τροφῆς,
1015 884 1125 947 καὶ
1154 890 1264 968 τῆς
1301 884 1589 955 παιδείας
1634 885 1743 948 καὶ
1785 890 1898 949 τοῦ
1945 886 2183 968 γένους.
2232 886 2424 968 ὅμοια
2472 892 2631 967 γοῦν

579 996 705 1062 τοῖς
743 991 1127 1075 Ἑβραϊκοῖς.
1174 992 1408 1074 κατάγε
1436 990 1550 1074 τὴν
1580 992 1936 1075 ἔπίκρυψιν,
1967 993 2082 1055 καί
2104 998 2232 1056 τῶν
2263 993 2626 1075 Αἰγυπτίων

586 1100 917 1182 αἰνίγματα
946 1149 1286 1164 .........
1334 1099 1495 1162 VIII
1543 1149 1889 1164 ........
1923 1099 2078 1163 ἀλλὰ
2134 1099 2256 1184 γὰρ
2303 1101 2379 1164 οὗ
2424 1099 2632 1183 μόνον

584 1208 950 1288 Αἰγυπτίων
997 1209 1059 1272 οἱ
1086 1208 1515 1290 λογικώτατοι,
1554 1206 1720 1291 πρὸς
1753 1208 1823 1271 δὲ
1848 1208 1959 1271 καὶ
1986 1213 2115 1271 τῶν
2145 1208 2355 1271 ἄλλων
2382 1209 2630 1291 βαρβά-

584 1339 740 1398 ρων,
788 1315 927 1379 ὅσοι
987 1315 1384 1397 φιλοσοφίας,
1431 1315 1838 1398 ὠρέχθησαν,
1893 1314 1964 1379 τὸ
2021 1314 2414 1398 συμβολικὸν
2462 1315 2633 1387 εἶδος

579 1423 910 1506 ἔξήλωσαν
912 1472 1310 1487 .........
1344 1423 1454 1487 καὶ
1499 1423 1827 1494 Διονύσιος
1873 1424 1910 1487 6
1964 1422 2146 1505 Θρὰξ
2190 1423 2227 1486 6
2257 1423 2325 1485 Γ
2314 1447 2627 1506 ραμματι-

578 1529 695 1601 κὸς
740 1531 808 1594 ἕν
851 1537 945 1613 τῷ
981 1555 1008 1588 α
1040 1529 1207 1613 Περὶ
1235 1537 1344 1613 τῆς
1389 1531 1731 1613 ἐμφάσεως
1774 1537 1886 1594 τοῦ
1914 1532 2059 1614 περὶ
2102 1536 2232 1595 τῶν
2275 1532 2628 1613 τροχίςκων

579 1637 907 1720 συμβόλου
936 1663 963 1695 >>
1040 1637 1197 1719 φησὶ
1266 1636 1428 1701 κατὰ
1490 1638 1670 1711 λέξιν·
1710 1637 2098 1720 Ἐσήμαινον
2166 1643 2322 1720 γοῦν
2384 1638 2461 1701 οὗ
2526 1638 2628 1702 διὰ

574 1745 805 1817 λέξεως
848 1744 1072 1826 μόνον,
1121 1742 1273 1807 ἀλλὰ
1320 1744 1429 1807 καὶ
1461 1743 1563 1807 διὰ
1596 1744 1959 1828 συμβόλων,
2006 1747 2158 1809 ἔνιοι
2200 1744 2310 1816 τὰς
2348 1746 2626 1827 πράξεις·

578 1849 679 1915 διὰ
710 1851 948 1925 λέξεων
989 1850 1125 1933 μὲν,
1173 1851 1267 1943 ᾡς
1312 1852 1437 1935 ἔχει
1479 1849 1554 1913 τὰ
1586 1851 1893 1934 λεγόμενα
1944 1851 2226 1934 Δελφικὰ
2271 1852 2626 1935 παραγγέλ-

576 1983 746 2042 ματα
803 1984 831 2016 <<
854 1957 925 2022 τὸ
968 1958 1172 2042 μηδὲν
1204 1959 1368 2041 ἄγαν
1398 1985 1425 2017 >>
1463 1959 1573 2023 καὶ
1599 1958 1672 2022 τὰ
1704 1960 1944 2030 τούτοις
1974 1960 2183 2043 ὅμοια.
2235 1959 2335 2041 διὰ
2369 1960 2439 2023 δὲ
2470 1983 2627 2042 συμ-

582 2066 817 2150 βόλων,
883 2066 977 2137 ὡς
1021 2066 1122 2129 ὅτε
1151 2065 1381 2148 τροχός
1425 2066 1464 2129 6
1511 2066 1939 2150 στρεφόμενος
1982 2068 2050 2130 ἐν
2094 2074 2222 2138 τοῖς
2265 2072 2396 2131 τῶν
2442 2066 2628 2131 Θεῶν

582 2174 874 2256 τεμένεσι,
921 2173 1283 2257 εῖλυσμένος
1326 2172 1521 2255 παρὰ·
1570 2175 1930 2257 Αἰγυπτίων
1979 2225 1992 2237 .
2038 2174 2147 2239 καὶ
2190 2173 2261 2239 τὸ
2306 2180 2435 2239 τῶν
2464 2175 2621 2239 θαλ-

575 2284 709 2347 λῶν
754 2305 885 2348 των
932 2282 1290 2364 διδομένων
1333 2288 1461 2354 τοῖς
1499 2288 1953 2367 προσκυνοῦσι,
1986 2284 2142 2367 φησὶ
2187 2282 2309 2366 γὰρ
2348 2282 2628 2368 Ὀρφεὺς

575 2390 612 2453 6
671 2389 967 2473 Θράκιος·
1649 2389 1654 2393 ’

674 2494 943 2560 Θαλλῶν
990 2496 1048 2560 δ’
1082 2496 1241 2560 ὅσσα
1287 2498 1568 2580 βροτοῖσι
1613 2496 1715 2560 ἐπὶ
1756 2495 2017 2578 χθωνὸς
2062 2499 2215 2580 ἔργα
2260 2498 2559 2581 μέμηλεν.

669 2601 860 2666 οὐδὲν
905 2603 1028 2684 ἔχει
1073 2603 1227 2684 μίαν
1271 2602 1456 2666 αἶσαν
1501 2602 1601 2665 ἐπὶ
1645 2603 1885 2686 φρεσὶν,
1932 2604 2087 2667 αλλὰ
2132 2604 2446 2668 κυκλεῖται

666 2707 871 2770 πάντα
917 2707 1102 2790 πέριξ
1148 2727 1160 2738 ·
1209 2714 1424 2790 στῆναι
1472 2707 1543 2771 δὲ
1587 2709 1819 2772 καθ’ἒν
1860 2710 2060 2790 μέρος
2104 2709 2184 2772 οὗ
2229 2709 2416 2790 θέμις
2446 2710 2619 2773 ἐστίν.

753 2813 1082 2875 Postremo
1131 2813 1455 2876 doctrinae
1518 2814 2129 2897 hebraico—graecae,
2178 2835 2305 2896 qua
2358 2816 2629 2898 scriptor

575 2921 1250 3003 Pseudophocylideae
1296 2922 1623 3003 praeditus
1656 2927 1929 3004 apparet,
1962 2942 2280 3004 nusquam
2311 2924 2620 3005 aptiorem

573 3027 792 3090 sedem
840 3047 1033 3109 quam
1077 3028 1510 3091 Alexandriae
1556 3029 1740 3091 nobis
1785 3030 2078 3092 invenire
2121 3029 2357 3092 licebit.

753 3134 987 3197 Statuit
1014 3133 1305 3215 Bernays
1338 3138 1605 3217 tempus,
1639 3155 1765 3216 quo
1798 3135 2210 3197 verisimilius
2242 3139 2339 3198 est
2369 3154 2624 3198 carmen

574 3241 1042 3322 Phocylideum
1090 3243 1512 3323 compositum
1557 3242 1775 3323 fuisse,
1807 3244 2073 3305 minime
2106 3243 2437 3306 saeculum
2471 3243 2624 3306 alte—

572 3367 717 3409 rum
764 3369 815 3409 a.
865 3346 975 3410 Ch.
1023 3368 1082 3410 n.
1133 3346 1445 3409 excedere
1491 3367 1703 3430 posse:
1756 3368 1881 3430 quo
1929 3349 2183 3411 saeculo
2230 3368 2458 3430 graeca
2519 3348 2625 3410 Bi—

575 3454 851 3516 bliorum
896 3447 1222 3517 translatio
1271 3452 1518 3534 vulgari
1566 3459 1789 3537 coepta
1835 3453 1965 3534 e'st3
1999 3473 2210 3536 neque
2243 3455 2407 3517 ultra
2439 3455 2623 3517 dimi-

581 3646 809 3698 morem,
846 3630 1099 3700 quamvis
1135 3629 1254 3698 lege
1291 3628 1606 3698 probatum.
1646 3628 1816 3699 Apud
1841 3644 1981 3700 quos
2009 3628 2234 3683 tandem
2260 3628 2615 3682 Ptolomaeus

583 3720 978 3791 Philadelphos
1033 3718 1260 3773 medicis
1312 3719 1624 3789 Herophilo
1672 3724 1727 3773 et
1764 3725 1818 3772 et
1855 3721 2194 3774 Erasistrato
2241 3720 2518 3774 concessit
2566 3725 2631 3772 ut

582 3808 849 3863 cadavera
874 3810 1009 3862 artis
1035 3810 1092 3861 in
1122 3826 1289 3861 usum
1315 3814 1579 3874 secarent,
1604 3825 1769 3877 quem
1807 3825 2032 3874 morem,
2069 3810 2126 3861 in
2165 3808 2280 3862 dies
2320 3809 2501 3877 magis
2538 3808 2615 3861 vi-

579 3905 816 3968 gentem,
866 3897 1184 3968 Pseudoph.
1221 3898 1273 3952 2.
1317 3898 1422 3952 102
1459 3898 1814 3968 perstringit:
1853 3898 1954 3952 cfr.
1993 3896 2319 3968 Bernhardy
2361 3898 2511 3952 Hist.
2553 3898 2616 3951 L.

580 3988 642 4040 T.
683 3989 727 4053 1,
768 3989 889 4042 364.
