2961 4616
1490 312 1557 320 --
1594 280 1771 335 20-

638 389 979 474 ’Ἐκνομον
1025 394 1064 474 ἢ
1114 390 1377 465 ὂίκαιον,
1427 391 1806 474 διακρίνεται
1850 391 1936 462 εἰς
1981 391 2186 474 κρίσιν
2231 392 2462 456 ἐλθών.

653 497 848 581 Μηδὲ
891 499 1132 580 φρένας
1175 498 1469 580 βλάπτειν
1516 500 1689 580 οἴνῳ,
1719 496 1887 581 μηόὲ
1931 497 2130 562 πίνειν
2174 499 2426 582 ἄμητρα

657 606 832 688 Αἷμα
880 605 950 669 ὂὲ
992 605 1083 688 μὴ
1132 606 1282 688 φάγ.
1330 605 1440 670 εἶό.
1489 606 1595 669 ἀπ.

603 713 908 794 Sequitur
954 713 1186 776 deinde
1254 733 1341 775 vs.
1401 715 1483 776 31
1553 713 1903 796 pseudoph.
1961 740 2049 772 z
2100 714 2185 779 Τὸ
2232 714 2415 797 ξίφος
2460 715 2652 797 ἀμφι-

600 821 803 903 βαλοῦ
848 820 939 903 μὴ
986 820 1152 903 πρὸς
1196 820 1419 903 φόνον,
1466 821 1596 884 ἀλλ’
1641 822 1706 891 ἐς
1749 822 2019 903 ἄμυναν,
2053 821 2163 885 ubi
2198 842 2285 885 vs.
2335 824 2417 884 33
2461 841 2649 904 pseu-

602 926 788 1009 doph.
838 965 921 972 —
968 928 1102 991 εἴθε
1148 926 1218 990 ὃὲ
1260 927 1351 1010 μὴ
1398 928 1666 1011 χρῄζοις
1695 929 1820 992 κτλ.
1837 953 1860 1004 ,·
1912 928 2024 991 ubi
2062 948 2148 991 vs.
2184 929 2266 991 32
2300 929 2649 1012 pseudoph.

607 1053 795 1095 suum
842 1034 1058 1097 locum
1104 1038 1319 1096 tenet:
1368 1034 1567 1115 igitur
1626 1034 1801 1097 hunc
1864 1053 2119 1097 versum
2167 1053 2251 1098 ex
2305 1033 2527 1116 Sibyll.
2578 1035 2652 1095 li-

606 1140 718 1203 bro
768 1141 875 1203 Π.0
920 1145 1246 1224 sumptum
1297 1140 1480 1204 valde
1528 1141 1834 1205 credibile
1883 1147 1995 1204 est.

790 1249 1094 1330 Superest
1138 1267 1227 1310 vs
1281 1248 1441 1311 129:

607 1392 689 1399 —
750 1361 860 1437 τῆς
919 1354 990 1418 ὂέ
1048 1355 1479 1419 θεοπνεύστου
1527 1354 1756 1438 σοφίης
1814 1354 2005 1437 λόγος
2060 1354 2221 1419 ἐστὶν
2265 1356 2519 1438 ἄριστος
2565 1391 2647 1400 -

607 1464 792 1526 cuius
814 1462 1104 1545 plerique
1130 1462 1467 1525 manifesta
1493 1463 1874 1526 christianae
1902 1462 2228 1526 doctrinae
2253 1463 2523 1545 vestigia
2546 1462 2651 1525 de-

605 1568 1020 1651 prehendisse
1067 1568 1382 1631 videntur.
1413 1568 1706 1650 Bernays
1737 1568 2139 1632 reiciendum
2168 1568 2325 1631 dicit
2356 1574 2429 1631 ut
2451 1570 2652 1630 intru-

607 1695 750 1738 sum
796 1696 833 1738 a
880 1675 1238 1739 Christiano
1286 1674 1662 1758 Byzantino,
1710 1677 1818 1740 cui
1865 1676 2122 1740 ethnica
2164 1681 2277 1740 τοῦ
2330 1700 2358 1733 <<
2384 1675 2645 1757 Λόγος»

602 1782 1037 1864 interpretatio
1106 1783 1367 1844 minime
1429 1781 1751 1845 arrideret.
1830 1782 2071 1845 Verum
2143 1783 2469 1844 enimvero
2547 1781 2651 1844 hic

614 1914 641 1946 «
665 1889 904 1971 λόγος»
957 1909 1089 1951 non
1136 1909 1285 1952 cum
1329 1888 1505 1971 λόγῳ
1554 1888 1687 1950 divi
1725 1888 2030 1952 Iohannis
2074 1876 2220 1952 rem'
2258 1888 2493 1952 habere
2539 1888 2652 1952 sed

607 1997 982 2080 simpliciter
1016 2021 1044 2053 «
1067 2016 1427 2060 sermonem
1451 2022 1478 2053 »
1519 1997 1886 2079 significare
1922 1998 2216 2077 videtur3
2251 1997 2647 2061 reiciendum

615 2109 828 2167 tamen
891 2123 1041 2166 cum
1099 2102 1453 2184 Bernaysio
1522 2122 1672 2165 eum
1734 2108 1907 2186 put0,
1969 2123 2117 2167 curn
2173 2124 2211 2166 a
2271 2104 2412 2168 loco
2460 2124 2651 2186 quem

612 2217 789 2274 tenet
851 2211 1039 2294 plane
1086 2210 1334 2273 alienus
1380 2212 1478 2292 sit,
1546 2216 1610 2273 et
1661 2212 1730 2273 in
1778 2211 1956 2275 codd.
2004 2210 2373 2294 Mutinensi,
2422 2211 2652 2275 Baroc-

611 2321 794 2383 ciano
843 2325 908 2383 et
953 2339 1082 2382 uno
1130 2338 1213 2382 ex
1259 2319 1462 2382 tribus
1509 2319 1952 2383 Ambrosianis
1999 2320 2179 2383 desit.

785 2425 1100 2506 Ceterum,
1128 2444 1518 2507 quamquam
1540 2427 1611 2486 in
1633 2424 1710 2487 N.
1735 2426 1799 2488 Τ.
1831 2431 2007 2488 extat
2029 2427 2419 2508 adjectivum
2449 2452 2477 2484 «
2504 2426 2650 2491 θεό-

603 2556 908 2603 πνευστος
940 2558 967 2591 >>
1021 2531 1100 2595 ad
1154 2556 1182 2588 «
1215 2535 1476 2615 γραφήν
1508 2557 1535 2589 >>
1588 2534 1938 2615 pertinenS,
1982 2538 2194 2596 tamen
2238 2535 2369 2614 jam
2401 2536 2469 2595 in
2502 2533 2651 2598 Plu-

607 2639 809 2702 tarchi
843 2639 1006 2702 Plac.
1034 2639 1268 2701 Philos.
1297 2639 1372 2721 V,
1408 2640 1444 2701 2
1471 2640 1801 2703 invenitur
1838 2664 1865 2698 «
1890 2641 2314 2711 θεόπνευστος
2345 2642 2592 2725 ὄνειρος
2612 2667 2639 2698 >>

607 2753 671 2808 et
698 2751 917 2828 postea
947 2745 1114 2828 apud
1148 2745 1580 2828 Porphyrium
1612 2746 1835 2828 adject.
1892 2772 1919 2804 «
1940 2747 2276 2818 θεοπνόος.
2310 2773 2338 2805 >>
2392 2748 2664 2814 Praete-.

603 2871 714 2915 rea
759 2852 1037 2915 conferri
1072 2858 1280 2936 potest
1313 2871 1533 2916 versus
1566 2873 1714 2916 cum
1749 2855 2112 2936 Sapientiae
2144 2854 2325 2936 libro,
2359 2874 2492 2937 cap.
2511 2853 2648 2934 VII,

613 2961 715 3023 25.
765 2998 846 3005 —
896 2961 1108 3044 Ἀτμὶς
1174 2962 1295 3045 γάρ
1357 2963 1480 3024 ἐστι
1551 2962 1615 3045 (ἡ
1663 2963 1880 3044 σοφία)
1943 2968 2052 3045 τῆς
2095 2968 2207 3025 τοῦ
2253 2964 2415 3026 θεοῦ
2464 2963 2649 3026 δυνά-

604 3095 848 3155 μεως....
898 3073 980 3134 22
1022 3071 1112 3134 eH
1150 3072 1270 3155 γὰρ
1315 3072 1574 3135 πάντων
1606 3078 1855 3155 τεχνῖτις
1885 3073 2136 3146 ἐὸίδαξέ
2161 3098 2245 3156 με
2276 3074 2487 3156 σοφία·
2532 3074 2652 3136 ἔστι

607 3178 728 3260 γὰρ
775 3178 841 3240 ἓν
887 3179 1044 3261 αὐτῇ
1088 3184 1339 3260 πνεῦμα
1405 3178 1663 3261 νοηρὸν,
1710 3179 1890 3261 ἅγιον
1893 3228 2034 3242 ........
2091 3180 2221 3243 κτλ.
2271 3181 2451 3244 7-καὶ
2495 3178 2653 3263 ἦλθέ

607 3309 719 3367 μοι
763 3290 1013 3367 πνεῦμα
1061 3286 1306 3367 σοφίας.

787 3392 1021 3455 Contra
1071 3392 1333 3474 plurimi
1379 3392 1810 3474 Phocylideae
1858 3413 2080 3457 versus
2128 3413 2163 3457 e
2209 3395 2284 3457 V.
2330 3395 2423 3458 ΤΡ
2468 3395 2655 3477 origi-

608 3520 759 3564 nem
804 3521 986 3563 suam
1033 3500 1294 3564 ducunt.
1328 3501 1605 3563 Versum
1654 3502 1925 3565 9-πάντα
1974 3503 2183 3566 δίκαια
2231 3505 2455 3587 νέμειν,
2487 3502 2651 3588 μηδὲ

608 3612 811 3691 κρίσιν
857 3610 921 3679 ἐς
958 3610 1142 3693 χάριν
1188 3610 1329 3673 ἕλκε
1358 3647 1438 3654 -
1476 3610 1699 3674 confer
1745 3630 1893 3673 cum
1938 3611 2087 3674 Lev.
2119 3611 2303 3694 XIX,
2340 3615 2419 3674 15
2458 3650 2541 3657 —-
2575 3611 2650 3675 οὗ

609 3720 896 3801 ποιήσετε
942 3718 1167 3781 ἅὸικον
1212 3718 1279 3781 ἐν
1308 3719 1525 3801 κρίσει,
1560 3719 1637 3781 οὐ
1668 3719 1848 3804 λήψῃ
1874 3719 2232 3800 πρόσωπον
2260 3727 2541 3804 πτωχοῦ,
2574 3719 2650 3783 οὗ

611 3829 680 3893 δὲ
722 3828 814 3912 μὴ
870 3830 1215 3912 θαυμάσῃς
1271 3829 1629 3912 πρόσωπον
1691 3829 2002 3894 ὂυνάστου
2024 3851 2049 3905 ,·
2110 3833 2175 3891 et
2234 3848 2382 3892 cum
2443 3827 2643 3893 Exod.

608 3937 857 4021 XXIII,
909 3940 945 4000 6
996 3977 1079 3984 -
1138 3942 1216 4003 οὗ
1283 3941 1675 4026 ὃιαστρέψεις
1736 3944 1935 4026 κρίμα
1997 3943 2265 4027 πένητος
2324 3945 2392 4008 ἐν
2455 3946 2651 4029 κρίσει
