2961 4616
1171 368 1237 375 -
1276 338 1343 392 47
1385 369 1451 375 .-

290 451 700 534 losophorum
743 450 1038 533 religioni
1082 449 1460 531 placitisque
1509 447 1786 527 deerant,
1834 466 2056 510 eorum
2094 447 2337 528 praeci-

294 579 424 642 pua
454 558 838 622 documenta
868 558 1378 640 sapientioraque
1411 555 1606 618 effata
1636 556 1704 616 in
1739 573 1938 616 unum
1973 553 2345 636 colligendo,

297 686 423 748 quo
447 666 702 729 facilius
734 666 1077 728 memoriae
1111 662 1580 742 mandarentur,
1614 665 1678 726 et
1709 661 2155 724 communibus
2182 661 2347 723 vitae

296 774 520 837 usibus
566 774 967 837 inservirent.

474 882 763 964 Utroque
797 881 969 943 enim
1002 880 1299 960 carmine,
1324 879 1555 942 iisdem
1585 877 1721 941 fere
1752 869 2185 962 locutionibus
2216 878 2350 959 pie-

294 995 389 1053 tas
436 1008 585 1069 erga
629 986 903 1068 Numen,
950 988 1279 1068 honorque
1326 988 1394 1048 in
1440 992 1736 1068 parentes
1783 985 2340 1048 commendantur:

295 1095 560 1177 Phocyl.
597 1115 651 1157 V.
687 1095 756 1156 8:
794 1104 876 1138 --’
902 1099 1124 1176 πρῶτα
1151 1091 1309 1156 θεὸν
1330 1093 1495 1175 τίμα,
1514 1093 1835 1175 μετέπειτα
1865 1091 1934 1154 δὲ
1959 1098 2088 1155 σεῖο
2114 1097 2351 1174 γονῆας

297 1202 531 1285 Χρυσᾶ
577 1204 727 1284 ἔπη;
781 1239 863 1245 ——
911 1200 1292 1269 Αθανάτους
1333 1199 1452 1281 μὲν
1498 1204 1722 1280 πρῶτα
1768 1198 1980 1272 θεοὺς,
2027 1198 2213 1281 νόμῳ
2259 1199 2352 1269 ὼς

2043 1305 2353 1389 [ὖιάκεται

902 1417 1064 1497 τίμα,
1111 1415 1220 1478 καὶ
1266 1415 1458 1497 σέβου
1507 1414 1708 1496 ὅρκον
1777 1463 2349 1479 ..........

911 1629 1057 1698 τούς
1100 1617 1163 1691 τε
1210 1634 1409 1710 γονεῖς
1454 1629 1599 1709 τίμὰ
1603 1675 2351 1701 .............

302 1740 369 1799 in
419 1742 690 1818 utroque
736 1734 1083 1798 moderatio
1131 1731 1458 1797 laudatur:

299 1845 531 1909 Pseud.
582 1864 635 1907 v.
688 1844 798 1905 14.
845 1845 1062 1925 μέτρα,
1094 1833 1301 1925 νέμειν
1345 1841 1418 1905 τά
1453 1842 1664 1905 δίκαια
1707 1841 1923 1920 καλὸν,
1957 1841 2348 1925 δ’ἕπίμετρον
2465 1877 2468 1882 -

2056 1951 2356 2014 ἁπάντων

299 2060 431 2124 Χ.ἕ.
457 2081 513 2123 v.
541 2060 623 2122 38
651 2057 823 2141 Μηὸ
852 2058 1443 2141 ἀναλεύθεροςῖσθι,
1458 2059 1692 2140 μέτρον
1717 2057 1770 2120 6'
1778 2057 1877 2120 ἐπὶ
1900 1950 2065 2121 πᾶσζ
2083 2058 2351 2140 ἄριστον.

303 2167 534 2231 Pseud.
569 2187 624 2229 V.
660 2167 776 2228 68:
801 2166 1016 2248 μέτρῳ
1039 2165 1217 2238 ἔδειν,
1240 2166 1455 2248 μέτρῳ
1482 2165 1550 2228 δὲ
1568 2171 1727 2228 πιεῖν
1745 2165 1855 2228 καὶ
1875 2165 2349 2248 μυθολογεύειν.

301 2274 435 2339 Χ.ἔ.
462 2295 519 2337 v.
568 2275 687 2338 33:
729 2272 910 2338 Ἀλλὰ
949 2279 1148 2338 ποτοῦ
1187 2297 1250 2336 τε
1289 2274 1523 2357 μέτρον
1561 2272 1670 2337 καὶ
1713 2273 1882 2337 σίτου
1907 2275 2273 2356 γυμνασίων
2294 2298 2357 2338 τε

302 2385 724 2465 Praeceptum
772 2380 1133 2464 Pseudoph.
1181 2400 1269 2443 vs,
1319 2382 1436 2444 76:
2008 2381 2358 2464 [ποιεῖσθαι

352 2491 784 2574 σωφροσύνην
817 2490 1048 2563 ἀσκεῖν,
1080 2490 1362 2572 αἰσχρῶν
1395 2490 1665 2571 δ’ἔργων
1695 2489 2060 2573 ἀπέχεσθαι.

308 2601 397 2662 ita
445 2597 704 2661 tradunt
747 2597 881 2660 Χ.ἔ.
930 2616 1050 2659 vss,
1103 2599 1330 2659 11-13:

353 2756 614 2770 .....
661 2706 910 2788 πρήξῃς
934 2704 1260 2788 ὁάἷσχρόν
1289 2728 1441 2768 ποτε
1468 2706 1627 2788 μήτε
1648 2705 1791 2787 μετ’,
1809 2705 2018 2777 ἄλλου,
2045 2705 2183 2788 μητ’
2212 2706 2353 2789 ι’ὄίῃ.

357 2813 518 2877 Εἶτα
554 2813 981 2895 ὅικαιωσύνην
1011 2813 1188 2876 ἄσκει
1219 2813 1389 2896 ἔργῳ
1418 2837 1499 2885 τε,
1530 2812 1704 2895 λόγῳ
1734 2837 1812 2876 τε.

313 2920 724 2984 Proverbium
773 2919 1131 3002 Pseudoph.
1181 2939 1487 2983 versuum
1536 2920 1813 2984 109-10:

353 3077 801 3091 ........
847 3026 1111 3109 μέμνησ’
1149 3026 1237 3089 ὅτι
1268 3025 1504 3110 θνητὸς
1533 3027 1835 3110 ὑπάρχεις

350 3137 595 3218 οὖκ(ἔνι
643 3135 700 3198 6'
706 3159 791 3205 εις
823 3135 1040 3218 Ἅιδην
1087 3133 1425 3218 ὅλβον)και
1468 3136 1734 3219 χρήματ’
1784 3136 2050 3261 ἄγεσθαι

347 3243 574 3313 πάντες
619 3244 755 3306 ἴσον
800 3243 1033 3313 νέκυες·
1083 3292 1844 3306 .............

299 3351 393 3414 ita
438 3351 729 3414 versibus
781 3352 880 3431 15,
934 3352 1013 3413 16
1061 3349 1145 3413 Χ.
1192 3352 1237 3414 ἔ.
1287 3353 1700 3434 exprimitur:

350 3456 506 3522 ἀλλὰ
540 3458 762 3539 γνῶθι,
794 3457 912 3541 μὲν
944 3457 1036 3528 ὡς
1066 3458 1352 3522 θανέεειν
1380 3460 1709 3541 πέπρωται
1740 3461 1934 3522 ἅπασι

349 3566 643 3648 χρήματα
678 3565 955 3628 δ’ἄλλοτε
979 3564 1098 3647 μὲν.
1127 3566 1400 3629 κτᾶσθαι
1429 3567 1607 3648 φιλέϊ,
1639 3566 2118 3629 ἄλλοτ’ὀλέσθαι.

305 3673 546 3739 Confer
590 3694 679 3737 vs,
732 3675 855 3736 119
906 3672 1300 3757 Pseudoph.:

350 3781 508 3864 μήτε
538 3787 765 3851 κακοῖς
794 3781 1024 3862 ἄχθου,
1055 3780 1193 3863 μήτ’
1230 3778 1346 3846 οὗν
1368 3781 1716 3863 ἐπαγάλλεο
1748 3781 1963 3864 χάρμῃ

305 3909 459 3954 cum
504 3888 587 3951 X.
621 3891 665 3952 ἔ.
717 3908 802 3952 vs.
855 3889 969 3951 18:

362 3996 604 4082 (ἄλγεα)
635 3994 750 4060 Ὧν
780 3997 859 4060 ἄν
886 4001 1121 4080 μοῖραν
1152 3998 1300 4081 ἔχῃς
1329 3996 1558 4080 πρᾴως
1588 3999 1762 4080 φέρε,
1808 3998 1959 4082 μηδ’
2011 3998 2359 4079 ἀγανάκτει.
