2961 4616
521 1229 745 1310 Usque
792 1227 871 1291 ad
917 1226 1158 1291 saeculi
1206 1226 1440 1290 decimi
1488 1227 1654 1289 sexti
1695 1225 1898 1289 finem
1945 1244 2201 1290 carmen
2232 1246 2388 1308 gno-

334 1336 588 1416 micum
619 1335 1079 1414 hexametrum,
1126 1332 1501 1414 Phocylidis
1546 1351 1782 1395 nomen
1843 1350 1994 1415 prae
2042 1351 2110 1395 se
2156 1332 2387 1413 ferenS,

345 1462 477 1505 non
522 1440 861 1524 indignum
906 1439 1249 1523 putabatur
1295 1439 1468 1521 quod
1529 1441 1791 1521 antiquo
1859 1443 2081 1521 poetae
2143 1439 2390 1502 milesio

342 1548 746 1611 tribueretur.
816 1547 1071 1611 Primus
1142 1545 1506 1609 Fridericus
1582 1545 1862 1628 Sylburg
1928 1545 2060 1627 (illo
2130 1545 2385 1608 saeculo

244 1726 253 1734 ,
345 1655 649 1735 exeunte)
695 1674 843 1718 cum
888 1654 1156 1737 vestigia
1218 1652 1592 1736 disciplinae
1652 1653 1945 1734 judaicae
1993 1657 2057 1716 et
2101 1653 2388 1716 christia-

256 1835 261 1839 ·
344 1782 467 1826 nae
514 1764 583 1825 in
630 1762 913 1826 carmine
960 1760 1500 1844 deprehendisset,
1565 1760 1735 1843 quod
1783 1764 1969 1824 antea
2037 1780 2151 1843 pro
2217 1766 2390 1824 certo

345 1869 704 1933 habebatur
748 1870 817 1932 in
865 1868 1135 1932 dubium
1181 1869 1446 1933 vocavit.

525 1977 568 2040 J
570 1977 767 2059 oseph
800 1976 1086 2058 Scaliger
1115 1977 1377 2057 antiquo
1410 1974 1751 2056 Phocylidi
1781 1980 2007 2057 poema
2036 1981 2250 2058 aperte
2283 1974 2392 2037 de-

349 2085 638 2167 rogavit3
689 2085 801 2166 qui
833 2084 900 2146 in
940 2108 967 2141 «
992 2082 1209 2146 Obser.
1257 2084 1325 2145 in
1371 2082 1725 2146 Eusebium
1748 2109 1800 2163 »,
1831 2083 1992 2165 (pag.
2029 2083 2135 2161 96)
2182 2082 2380 2146 dicit:

353 2217 383 2250 «
410 2242 716 2256 ..........
751 2196 944 2255 totam
990 2190 1165 2254 illam
1209 2191 1451 2273 poesim
1483 2190 1642 2253 falso
1697 2191 2007 2254 hactenus
2053 2190 2392 2271 Phocylidi

349 2301 734 2384 attributam,
798 2299 911 2363 ubi
978 2300 1312 2364 invenient
1377 2299 1692 2383 (studiosi)
1751 2320 1877 2382 quo
1942 2299 2153 2363 adhuc
2205 2299 2393 2362 indu-

349 2412 570 2475 striam
615 2430 798 2474 suam
845 2415 1271 2491 exerceant»,
1320 2414 1384 2473 et
1428 2408 1658 2472 iudaeo
1706 2409 1952 2472 homini
2016 2408 2117 2472 vel
2179 2409 2392 2491 potius

350 2519 696 2584 christiano
733 2518 778 2598 1)
824 2515 1238 2580 tribuendum
1284 2516 1518 2579 statuit„

527 2627 688 2689 Tum
733 2626 803 2688 in
850 2625 1056 2688 varias
1103 2623 1537 2688 discesserunt
1579 2629 1789 2707 partes
1836 2626 1899 2688 οἱ
1940 2624 2241 2706 κριτικοί;

531 2733 611 2796 Is,
637 2732 907 2798 Vossius
937 2730 1057 2813 (De
1089 2730 1268 2794 Orac.
1302 2730 1563 2811 Sibyll),
1595 2730 1664 2794 L.
1696 2731 2001 2795 Wachler
2043 2729 2161 2813 (De
2195 2731 2395 2794 Pseu-

354 2838 1085 2924 dophocylide-Rinteln.
1152 2839 1361 2919 1788),
1423 2837 1626 2900 Bleek
1684 2839 1933 2920 judaeo,
1990 2838 2212 2902 Rhode
2276 2837 2394 2918 (De

351 2952 645 3012 veterum
689 2952 1018 3029 poetarum
1081 2945 1404 3028 Sapientia
1464 2946 1782 3027 gnomica)
1852 2950 1916 3009 et
1960 2945 2184 3008 Brunk
2231 2945 2397 3008 chri-

347 3056 552 3119 stiano
599 3054 844 3117 homini
877 3071 1133 3117 carmen
1181 3051 1551 3115 tribuentes,
1585 3051 1808 3115 Donec
1853 3052 2055 3116 Jacob
2104 3052 2395 3133 Bernays

350 3165 422 3226 in
481 3162 786 3246 singulari
852 3161 1384 3225 commentatione
1448 3179 1612 3242 quae
1678 3160 2089 3224 inscribitur:
2165 3186 2193 3218 «
2224 3142 2400 3255 'Ubep

351 3270 462 3334 das
507 3268 1047 3351 Phokylideische
1092 3266 1367 3350 gedicht,
1416 3268 1523 3330 ein
1572 3267 1817 3349 beitrag
1874 3288 1991 3330 zur
2047 3268 2397 3331 hellenisti-

349 3378 546 3441 schen
601 3378 918 3440 litteratur
948 3401 999 3438 ».
1060 3373 1359 3454 (Wratisl.
1428 3374 1641 3455 1856),
1699 3375 1993 3457 opinatus
2054 3374 2394 3453 Judaeum,

351 3485 599 3567 antiqui
644 3482 1017 3565 Phocylidis
1077 3500 1412 3563 personam
1475 3485 1855 3562 mutuatum,
1917 3481 2149 3544 veteris
2212 3483 2398 3542 testa-

355 3593 553 3656 menti
597 3594 937 3675 praecepta
981 3588 1272 3653 versibus
1320 3589 1758 3672 explicavisse,
1807 3592 1997 3670 atque
2047 3591 2191 3670 post
2253 3587 2401 3649 Pto-

526 3823 567 3890 1)
610 3845 633 3868 α
661 3827 727 3875 ut
762 3821 951 3891 negari
989 3836 1100 3874 non
1137 3820 1312 3890 possit
1337 3825 1437 3872 aut
1461 3835 1639 3872 unum
1678 3835 1747 3871 ex
1786 3818 2116 3873 Hellenistis
2156 3820 2391 3874 Alexan·

363 3910 535 3964 drinis
561 3911 749 3974 fuisse,
775 3908 1089 3977 cujusmodi
1114 3908 1278 3962 multi
1304 3907 1764 3979 praestantissimi
1800 3907 2113 3962 floruerunt
2137 3910 2241 3963 sub
2268 3910 2397 3964 Pto·

369 3999 607 4066 lomaeiS,
636 4006 752 4065 aut,
772 3996 922 4070 quod
942 4014 1071 4052 vero
1089 3997 1364 4069 propriuS,
1386 3996 1767 4051 Christianum
1790 4020 1811 4043 »
1844 3996 1988 4051 Scal.
2009 4014 2096 4068 op.
2118 3999 2210 4051 cit.
2231 4017 2284 4069 p.
2310 3999 2396 4051 95.
