2961 4616
1499 301 1566 308 -
1606 269 1676 323 38
1714 300 1781 308 -

616 380 789 442 hunc
838 398 1092 443 versum
1141 383 1334 463 putat.
1396 380 1526 443 Alii
1590 381 1792 463 ipsam
1856 380 2238 443 sententiam
2283 381 2362 443 ad
2408 380 2670 445 Pitthea

612 485 1016 565 referebant3
1067 485 1178 549 cfr.
1228 486 1370 549 Sch.
1418 486 1706 569 Euripid.
1770 485 2098 570 Hippolyt.
2147 488 2295 550 263.
2344 525 2427 533 ——
2469 486 2549 552 Ὁ
2594 488 2669 552 ὀὲ

623 592 1051 676 Θεόφραστος,
1099 593 1192 664 ὡς
1221 592 1293 656 τὰ
1340 592 1625 676 Σισύρου
1657 591 1964 676 λεγόμενα
1993 594 2102 657 καὶ
2147 593 2462 668 Πιτθέως,
2508 596 2664 658 οἷον·

617 699 844 784 Μηὸὲν
875 700 1054 781 ἄγαν,
1104 699 1295 784 Mna&
1341 699 1524 784 δίκης
1584 700 1864 784 δικάσῃς,
1910 725 1974 764 π.
2022 700 2078 763 ἅ.
2123 725 2189 784 μ.
2237 701 2338 764 ἀκ.
2399 740 2482 746 ——
2530 703 2667 764 Alii

614 812 933 891 postremo
980 805 1345 871 Democrito
1394 808 1797 871 tribuerunt:
1847 809 1938 870 ita
1982 811 2056 870 ut
2101 808 2313 891 dicere
2362 809 2549 872 nobis
2587 809 2667 871 li-

617 919 772 996 ceat,
818 914 1228 998 proverbium
1276 915 1427 977 olim
1472 916 1678 998 primo
1727 914 2113 997 evulgatum,
2173 935 2326 978 mox
2390 916 2550 979 adeo
2596 917 2668 978 in

619 1021 868 1085 deliciis
914 1021 1132 1102 fuisse,
1184 1026 1254 1083 ut
1301 1040 1491 1104 saepe
1540 1021 1966 1103 adhiberetur,
2016 1025 2080 1085 et
2124 1042 2162 1084 a
2205 1023 2475 1105 posteris
2536 1043 2670 1086 non

619 1129 734 1190 uni
780 1128 1025 1190 auctori
1072 1127 1557 1191 adscriberetur.
1621 1168 1626 1174 -

797 1237 886 1297 At
929 1235 1008 1297 ad
1043 1233 1237 1298 verba
1266 1233 1538 1298 Luciani
1578 1234 1698 1319 (De
1731 1235 2003 1300 calumn.
2036 1256 2166 1299 non
2208 1242 2447 1300 temere
2498 1237 2668 1300 cred.

623 1363 674 1406 0.
725 1343 827 1423 8):
879 1381 961 1387 —
998 1392 1343 1406 ........
1376 1343 1643 1426 ποιητήν
1686 1367 1799 1424 μοι
1847 1343 2028 1407 δοκῶ
2072 1342 2182 1407 τὸν
2217 1343 2471 1426 ἄριστον
2515 1344 2669 1407 ἐπά-

620 1474 749 1532 γειν
793 1456 886 1532 τῷ
930 1448 1103 1532 λόγῳ
1148 1450 1219 1513 εὖ
1262 1450 1434 1532 μάλα
1479 1450 1623 1533 περὶ
1666 1451 1909 1514 τούτων
1939 1450 2458 1534 ἀποφηνάμενον,
2505 1451 2665 1533 μᾶλ-

618 1557 731 1620 λον
777 1555 847 1620 δὲ
892 1557 1426 1639 νομοθετήσαντα·
1460 1557 1615 1640 φησὶ
1663 1556 1732 1620 δὲ
1760 1576 1773 1591 ·
1806 1555 1999 1640 Μηδὲ
2045 1556 2229 1641 ὀίκην
2275 1557 2333 1621 ὅ.
2381 1582 2447 1621 π.
2496 1558 2553 1621 ἄ.
2600 1583 2667 1641 μ.

619 1666 720 1729 ἀκ.
770 1704 852 1713 —-
903 1665 1253 1729 Scholiasta
1294 1666 1421 1727 ait:
1480 1665 1860 1749 Φωκυλίδης
1906 1704 1988 1710 -
2025 1666 2127 1729 vel
2182 1666 2546 1731 Φακυλίόου
2580 1704 2663 1711 -

620 1773 823 1836 alius:
870 1771 979 1836 τὸν
1034 1771 1415 1855 Φωκυλίδην
1458 1774 1726 1857 ποιητήν
1786 1797 1899 1856 μοι
1946 1772 2130 1837 δοκεῖ
2170 1811 2251 1818 -
2314 1792 2478 1854 quae
2525 1792 2669 1856 per-

624 1881 930 1963 pendenti
979 1881 1135 1942 mihi
1184 1879 1603 1943 Scholiastam
1648 1882 1932 1944 veterem
1977 1879 2393 1962 Phocylidem
2453 1900 2666 1964 respe—

622 1989 796 2051 xisse
845 1992 996 2071 (non
1044 1987 1728 2070 Pseudophocylidem,
1776 1993 1849 2050 ut
1894 1987 2098 2051 credit
2143 1987 2398 2069 Goram)
2428 1989 2499 2050 in
2533 1992 2665 2051 tuto

620 2101 729 2159 est.
777 2097 865 2158 At
911 2100 1066 2177 quot
1109 2095 1375 2159 fortasse
1421 2096 1608 2157 istius
1656 2096 1954 2172 carminis
2002 2115 2225 2159 versus
2270 2096 2535 2178 antiquo
2569 2097 2656 2159 illi

620 2202 870 2266 Milesio
917 2204 1236 2266 recentior
1280 2208 1504 2266 auctor
1548 2203 1895 2285 surripuit!

886 2311 1093 2387 Quem
1138 2330 1411 2393 versum,
1461 2311 1615 2373 dum
1661 2311 1951 2393 Bernays
1996 2310 2271 2393 (XXVI)
2313 2312 2660 2375 delendum

627 2424 862 2500 censet,
912 2424 975 2482 et
1019 2419 1089 2480 in
1136 2418 1524 2481 editionibus
1556 2419 1689 2479 suis
1735 2418 1948 2500 Bergk
1996 2424 2058 2481 et
2104 2418 2370 2481 Crusius
2419 2423 2488 2481 ut
2518 2419 2665 2482 sub-

619 2527 898 2589 dititium
961 2526 1262 2590 cancellis
1322 2530 1711 2608 saepserunt,
1780 2525 1925 2589 Otto
1997 2526 2228 2589 Goram
2288 2531 2359 2589 ut
2421 2532 2665 2610 partem

623 2635 929 2718 poematis
977 2636 1144 2697 tueri
1190 2634 1416 2715 studet,
1453 2654 1602 2697 cum
1648 2635 1897 2697 traiciat
1943 2654 2030 2698 vs.
2079 2636 2159 2697 87
2212 2639 2359 2698 ante
2406 2636 2529 2697 86:

718 2743 797 2804 87
851 2740 1042 2824 Μηδὲ
1089 2741 1272 2824 δίκην
1319 2741 1599 2824 ὄικάσῃς,
1645 2741 1796 2822 πρὶν
1840 2741 2041 2824 ἄμφω
2086 2744 2306 2824 μῦθον
2337 2742 2622 2825 ἀκούσῃς

715 2851 798 2911 86
847 2849 1043 2932 Μηόέ
1084 2873 1236 2913 ποτε
1281 2849 1514 2930 κρίνειν
1560 2849 1936 2932 ἀδαήμονας
1980 2849 2222 2932 ἄνδρας
2267 2849 2471 2933 ἐάσῃς.

798 2956 981 3033 Quod
1028 2957 1303 3040 Bergkio
1335 2976 1464 3019 non
1496 2957 1831 3039 probatur3
1881 2962 1945 3020 at
1974 2956 2158 3020 nobis
2206 2958 2484 3040 permira
2518 2977 2667 3021 eum

622 3064 855 3127 fecisse
925 3064 1261 3144 credimus,
1326 3057 1499 3145 quod
1561 3068 2063 3127 consentaneum
2126 3069 2222 3127 est
2291 3067 2542 3146 poetam
2604 3064 2664 3127 ei

625 3192 815 3255 quem
873 3171 1246 3254 alloquatur,
1293 3172 1472 3254 prius
1519 3173 1786 3236 suadere
1836 3172 1991 3254 quid
2038 3173 2162 3255 ipsi
2207 3171 2408 3254 judici
2474 3191 2665 3255 agen-

627 3278 780 3340 dum
826 3277 923 3359 sit,
992 3297 1183 3358 quam
1244 3277 1464 3359 quales
1523 3277 1678 3341 alios
1738 3277 1910 3360 legat
1951 3278 2232 3359 judices:
2299 3267 2435 3340 tum
2497 3278 2671 3361 quod

624 3391 966 3468 sequentes
1013 3403 1235 3447 versus
1284 3389 1426 3467 apte
1461 3386 1835 3468 excipiunt:
1884 3391 2212 3469 praeterea
2255 3386 2671 3468 Pseudopho—

604 3494 874 3575 ‚cylides
919 3492 1250 3556 notissimo
1297 3493 1406 3555 illo
1455 3493 1625 3557 dicto
1673 3513 1832 3557 vers
1883 3495 1961 3556 87
1970 3495 2038 3555 -8
2089 3493 2442 3558 doctrinam
2472 3493 2671 3557 Mosis

624 3602 808 3682 sequi
856 3600 1112 3663 videtur
1155 3598 1364 3683 (Deut.
1396 3600 1581 3683 XIX,
1635 3602 1780 3681 17):
1817 3639 1900 3646 -—
1934 3600 2042 3665 καὶ
2089 3601 2413 3683 στήσονται
2458 3600 2522 3663 οἱ
2550 3601 2672 3663 δύο

623 3708 963 3790 ἅνθρωποι
1010 3707 1102 3777 οἷς
1148 3707 1269 3770 ἔστι
1317 3707 1528 3777 αὐτοῖς
1573 3708 1612 3790 ἡ
1657 3707 1984 3789 ἀντιλογία,
2030 3709 2230 3771 ἔναντι
2261 3705 2529 3788 Κυρίου,
2561 3706 2672 3769 καὶ

623 3819 752 3878 τῶν
797 3816 1037 3894 ἱερέων,
1081 3814 1190 3878 καὶ
1234 3815 1436 3893 ἔναντι
1496 3819 1624 3877 τῶν
1682 3820 1934 3897 κριτῶν,
1993 3818 2060 3878 οἳ
2096 3817 2174 3878 ἂν
2219 3811 2374 3877 ὦσιν
2428 3813 2497 3877 ἐν
2539 3820 2672 3884 ταῖς

621 3922 886 4003 ἡμέραις
909 3921 1169 3991 ἐκείναις
1194 3958 1276 3965 --
1303 3921 1412 3983 καὶ
1437 3909 1807 3995 ἐξετάσωσιν
1832 3922 1893 3984 οἱ
1916 3920 2119 4003 κριταὶ
2147 3921 2430 4003 ἀκριβῶς
2460 3944 2519 3983 κ.
2544 3944 2590 3982 τ.
2615 3920 2667 3983 λ.
2746 3931 2752 3936 ’
