2961 4616
1423 328 1490 334 -
1530 297 1600 350 54
1639 327 1704 335 -

702 410 923 473 Altera
967 428 1117 472 vero
1141 410 1355 487 serieS,
1381 412 1456 471 ut
1477 409 1696 472 videre
1730 414 1842 490 est,
1877 407 2586 491 Pseudophocylideam

523 535 781 599 quoque
829 517 1304 599 complectitur3
1355 535 1578 579 verum
1625 516 1809 599 plura
1856 517 1981 579 alia
2042 517 2170 580 huc
2223 516 2583 597 referenda,

525 643 689 706 quae
736 623 1025 687 eamdem
1071 623 1194 686 sibi
1243 623 1545 687 moralem
1591 623 1793 687 finem
1854 623 2236 707 praefigunt,
2296 628 2371 686 ut
2430 623 2586 686 Phi-

521 733 687 797 lonis
733 735 1003 797 senioris
1050 737 1115 796 et
1160 731 1502 814 Ezechieli,
1551 751 1716 814 quae
1761 732 1932 795 inter
1960 734 2197 815 exigua
2223 732 2587 814 flagmenta

520 841 875 905 Alexandri
921 841 1157 904 Milesii
1202 840 1624 921 Polyhistoris
1669 846 2110 903 recensentur.

698 948 879 1012 Haec
928 967 1076 1012 vero
1125 948 1473 1030 composita
1516 946 1718 1010 fuisse
1781 952 1928 1010 ante
1992 967 2233 1010 annum
2290 948 2375 1021 80
2433 951 2584 1010 ante

523 1054 634 1119 Ch.
682 1075 742 1117 n.
789 1054 1164 1136 Philippson
1208 1055 1281 1117 in
1326 1074 1444 1117 sua
1491 1054 1934 1117 dissertatione
1974 1073 2138 1136 quae
2170 1053 2579 1117 inscribitur:

528 1188 557 1221 <x
586 1162 886 1227 Ezechiel
934 1162 1046 1226 des
1089 1163 1429 1243 jiidischen
1491 1162 2276 1245 Trauenspielendichters
2336 1181 2583 1244 auszug

520 1289 636 1333 aus
680 1270 979 1353 Egypten
1024 1269 1159 1331 und
1205 1269 1390 1333 Philo
1438 1270 1551 1332 des
1598 1269 1879 1333 aelteren
1923 1269 2275 1333 Ierusalem
2319 1271 2400 1357 (p.
2455 1270 2579 1349 11),

521 1395 604 1441 ex
665 1395 740 1439 eo
806 1381 1346 1458 argumentantur,
1411 1376 1583 1458 quod
1643 1376 2012 1456 Polyhistor
2079 1394 2155 1439 eo
2217 1395 2384 1438 anno
2446 1375 2582 1438 vita

518 1481 783 1545 functus
830 1488 939 1545 est.

701 1587 1030 1669 Quocirca,
1079 1608 1228 1651 cum
1272 1588 1916 1670 Pseudophocylidea
1961 1594 2221 1672 propter
2266 1588 2576 1651 moralem

518 1694 738 1775 finem,
784 1696 880 1757 uti
927 1714 1119 1776 supra
1166 1694 1465 1773 diximuS,
1534 1693 1614 1757 ad
1676 1694 1966 1758 eamdem
2026 1695 2257 1758 seriem
2313 1699 2577 1777 spectet,

518 1805 787 1883 tempuS,
837 1820 963 1882 quo
1012 1806 1270 1864 exarata
1328 1801 1540 1881 fuerit,
1589 1803 2063 1883 terminaturus
2132 1801 2369 1864 adduci
2441 1820 2580 1873 non

516 1926 777 1989 possum
810 1912 883 1969 ut
911 1927 1150 1969 annum
1186 1909 1647 1990 octogesimum
1678 1908 2045 1972 transiliam.
2080 1908 2578 1971 Consistendum

518 2016 715 2097 igitur
761 2032 991 2077 censeo
1040 2018 1340 2095 quattuor
1382 2015 1553 2077 inter
1595 2016 1806 2096 priora
1850 2013 2052 2077 lustra
2095 2015 2289 2096 primi
2329 2013 2577 2077 saeculi

517 2126 663 2185 ante
711 2122 822 2184 Ch.
869 2140 929 2183 n.
975 2120 1285 2183 Exactius
1332 2140 1592 2184 causam
1641 2121 1805 2184 hanc
1851 2125 2048 2184 totam
2080 2120 2352 2183 definire
2387 2120 2576 2201 velle,

515 2230 998 2312 intemperantis
1042 2229 1203 2293 mihi
1249 2229 1497 2311 ingenii
1545 2228 1814 2292 videtur.

690 2336 981 2417 Bernays
1028 2343 1092 2399 et
1137 2335 1385 2417 Goram,
1432 2341 1507 2398 ut
1551 2336 1851 2417 diximuS,
1898 2335 2574 2419 Pseudophocylidem

514 2444 870 2507 Aristobuli
913 2443 1138 2507 Iudaei
1182 2444 1547 2526 philosophi
1592 2444 1960 2507 aristotelici
2008 2443 2401 2527 discipulum
2468 2462 2583 2505 su-

515 2553 876 2634 spicantur3
928 2550 1099 2632 quod
1159 2549 1310 2613 inde
1371 2552 1565 2614 unice
1622 2551 2034 2633 comprobare
2080 2551 2340 2634 possint,
2400 2551 2583 2632 quod

515 2677 637 2722 vss.
684 2658 884 2719 42-82
936 2662 1236 2739 quattuor
1263 2658 1617 2721 cardinales
1650 2659 1918 2721 virtutes
1943 2659 2278 2740 attingenS,
2312 2655 2584 2740 Peripa-

513 2766 853 2828 teticorum
899 2764 1300 2846 disciplinam
1347 2771 1610 2828 secutus
1656 2766 1754 2828 sit.
1801 2765 1890 2828 At
1942 2764 2170 2827 debilis
2202 2765 2361 2827 haec
2395 2783 2577 2845 sane,

513 2873 708 2936 immo
754 2871 1012 2934 infirma
1057 2874 1234 2953 ratio,
1282 2892 1431 2935 cum
1478 2873 1635 2935 illud
1691 2873 1989 2936 omnibus
2042 2872 2217 2936 illius
2264 2874 2581 2954 temporis

511 2978 907 3061 philosophis
938 2979 1219 3041 maxime
1251 2996 1402 3041 vero
1434 2979 1993 3062 neopythagoricis
2031 2979 2100 3040 in
2133 2979 2270 3041 suis
2313 2978 2579 3040 morali-

512 3086 633 3147 bus
680 3084 1163 3147 tractationibus
1211 3104 1551 3148 commune
1597 3084 1810 3149 fuerit

646 3189 947 3254 Ceterum
995 3208 1255 3252 carmen
1299 3190 2005 3273 pseudophocylideum
2051 3210 2211 3273 opus
2268 3208 2408 3253 esse
2472 3209 2580 3253 se-

511 3298 754 3379 quioris
799 3298 1021 3359 aetatis
1069 3295 1171 3358 vel
1217 3298 1629 3377 grammatica
1675 3303 1739 3360 et
1765 3298 2025 3361 lexicon
2057 3296 2241 3360 nobis
2273 3295 2574 3376 suadent,

511 3404 897 3468 Locutiones
942 3407 1285 3485 sequentes
1329 3408 1551 3466 notatu
1601 3404 1832 3486 dignae
1890 3410 2074 3467 sunt:

693 3550 775 3557 —
822 3510 983 3575 εὐθὺ
1031 3511 1212 3575 δίδου
1259 3530 1346 3573 VS.
1396 3511 1515 3590 223
1566 3510 1916 3592 ἇπόλειψον
1974 3514 2087 3592 (vs,
2139 3513 2262 3586 77).
2325 3508 2576 3592 Optimi

513 3599 754 3701 quique
799 3621 1137 3701 scriptores
1186 3656 1269 3663 —
1324 3618 1591 3682 ἀπόλιπε
1645 3655 1727 3663 ——
1777 3619 1991 3683 dicere
2053 3623 2569 3696 consueverunt3

509 3728 788 3809 primum
833 3727 1139 3789 aoristum
1185 3730 1405 3789 contra
1448 3727 1829 3809 posteriores
1863 3726 2090 3791 Graeci
2123 3725 2344 3790 crebro
2377 3744 2572 3787 usur-

509 3838 757 3916 parunt.

688 3940 837 4023 πρὶν
882 3941 1198 4022 ἀτρεκέως
1242 3942 1444 4024 πέρας
1491 3941 1637 4023 ὄψει
1699 3942 1811 4023 (VS.
1879 3942 2000 4022 79).
2070 3939 2234 4022 Πρὶν
2288 3938 2400 4001 ἐὰν
2451 3941 2571 4022 μή,
