2961 4616
1469 337 1751 387 —14—

590 448 674 510 sit
720 446 992 529 amplius
1039 465 1156 509 cur
1201 446 1523 526 miremur,
1571 446 1627 507 si
1673 463 1895 508 versus
1928 445 1968 507 8
2014 450 2238 528 πρῶτα
2284 446 2443 511 θεὸν
2486 447 2631 529 τίμα

586 554 712 618 κτλ.
761 554 872 636 qui
932 553 1221 616 naturale
1286 552 1586 616 carminis
1633 552 1970 616 exordium
2029 553 2297 635 videtur,
2345 560 2488 636 post
2533 573 2632 618 se-

589 667 762 746 ptem
806 662 1116 744 primores
1161 661 1377 725 sedem
1425 660 1792 723 obtinuerit.

767 769 987 851 Igitur,
1036 769 1091 831 si
1137 787 1257 831 vss.
1306 769 1414 830 3-7
1464 766 1601 830 fide
1649 767 1828 850 digni
1876 771 2041 849 sunt,
2090 772 2297 849 atque,
2336 769 2426 830 uti
2462 768 2629 831 dixi-
2706 788 2711 793 ·

589 896 749 957 muS,
796 874 1047 939 duobus
1091 873 1475 957 primoribus
1520 873 1811 937 versibus
1852 872 2134 953 sublatiS,
2182 875 2507 957 ἀκέφαλον
2536 875 2631 938 fo-

591 994 689 1052 ret
732 993 972 1071 poema,
1022 987 1319 1066 efficitur,
1368 988 1440 1048 ut
1472 988 1537 1048 et
1565 984 1633 1046 hi
1664 1002 1888 1047 versus
1936 982 2146 1047 eidem
2184 983 2477 1065 scriptori
2522 984 2632 1045 tri-

590 1096 833 1160 buendi
878 1097 1040 1174 sint3
1104 1113 1252 1157 cum
1312 1095 1603 1176 praterea
1662 1090 2094 1172 difficultates,
2141 1109 2333 1173 supra
2386 1089 2626 1172 allatae,

588 1203 776 1267 facile
824 1202 1171 1265 solvantur.

857 1308 939 1391 α’)
975 1309 1042 1372 Si
1075 1308 1247 1371 enim
1278 1308 1536 1369 initium
1570 1304 1929 1368 claudicare
1962 1309 2027 1368 et
2049 1309 2381 1369 venustate
2415 1323 2630 1368 carere

591 1418 918 1498 fateamur,
967 1415 1215 1479 exitum
1262 1419 1326 1477 et
1370 1413 1525 1476 alias
1588 1414 1887 1476 carminis
1933 1417 2142 1495 partes
2189 1413 2460 1494 maJ'ores
2505 1413 2632 1495 spi-

521 1609 525 1614 ·
593 1525 753 1586 ritus
784 1521 905 1586 sibi
938 1540 1207 1601 sumere,
1232 1520 1507 1601 ideoque
1534 1517 1981 1602 praeferendas
2012 1519 2277 1581 minime
2307 1518 2631 1601 largimur.

859 1627 943 1712 β’)
985 1627 1411 1692 Concedimus
1456 1625 1829 1707 Bernaysio,
1878 1627 1933 1688 si
1979 1630 2201 1688 auctor
2235 1644 2303 1688 se
2342 1650 2369 1681 «
2402 1624 2633 1688 Φωκυ-

590 1737 767 1821 λίδην
832 1735 1090 1817 ἀνόρῶν
1155 1733 1264 1798 τὸν
1332 1732 1709 1815 σοφώτατον
1739 1758 1767 1789 >>
1834 1731 2227 1814 appellasset,
2275 1731 2629 1812 manifeste,

595 1844 885 1925 quamvis
931 1843 1147 1922 invite,
1213 1841 1424 1922 ipsum
1485 1837 1777 1901 fraudem
1840 1837 2214 1920 professum.
2263 1838 2365 1918 At,
2429 1841 2502 1899 ut
2546 1838 2636 1899 ait

598 1951 825 2033 Bergk,
872 1969 974 2013 res
1019 1950 1108 2011 ita
1152 1967 1220 2012 se
1264 1967 1395 2010 non
1441 1945 1667 2025 habet3
1716 1947 1986 2028 scriptor
2031 1947 2201 2008 enim
2249 1950 2453 2008 totum
2500 1964 2633 2008 car-

594 2079 744 2123 men
790 2059 1051 2139 antiquo
1098 2060 1320 2139 poetae
1357 2055 1607 2119 Milesio
1639 2074 1771 2117 non
1802 2053 2040 2135 tribuit,
2086 2053 2196 2117 sed
2231 2054 2351 2116 hoc
2383 2057 2631 2115 tantum

593 2168 823 2249 fingit:
872 2184 940 2229 se
987 2165 1121 2227 suis
1170 2163 1380 2226 verbis
1426 2163 1686 2225 traditas
1717 2161 2089 2243 Phocylidis
2136 2162 2401 2243 γνώμας
2431 2161 2635 2243 expli-

596 2292 780 2353 care3
829 2272 1104 2354 ideoque
1151 2290 1282 2335 non
1326 2269 1783 2354 improbandus
1821 2270 2105 2352 scriptor,
2147 2270 2202 2332 si
2246 2268 2479 2332 nobilis
2527 2287 2636 2332 ve-

593 2381 742 2444 teris
788 2383 1009 2462 poetae
1055 2378 1432 2460 sapientiam
1483 2376 1778 2439 laudibus
1830 2376 2109 2440 extollat.

772 2485 850 2569 γ’)
906 2483 1126 2549 Codex
1171 2483 1633 2547 Ambrosianus
1678 2483 1726 2563 I,
1761 2484 1873 2565 qui
1920 2482 2080 2546 duos
2126 2484 2363 2566 primos
2410 2501 2633 2546 versus

587 2615 630 2658 a
659 2593 923 2675 reliquis
955 2591 1286 2654 distinctos
1332 2590 1593 2673 praebet
1628 2590 1704 2672 1),
1737 2590 1899 2653 nihil
1930 2590 2104 2653 aliud
2134 2591 2368 2673 (inquit
2398 2589 2633 2673 Bergk)

593 2701 817 2785 probat
861 2700 985 2763 nisi
1029 2698 1362 2761 librarium
1392 2699 1584 2760 istum
1620 2698 1908 2761 eamdem
1936 2698 2367 2780 suspicionem
2398 2698 2635 2762 fovisse

594 2828 786 2891 quam
833 2807 1120 2887 Bernays
1167 2806 1539 2884 exornavit3
1590 2805 1653 2883 2)
1683 2806 1753 2867 111
1798 2805 2077 2867 maxima
2116 2808 2292 2887 parte
2337 2805 2633 2868 codicum

595 2915 877 2999 aequalis
942 2914 1045 2978 vel
1104 2914 1360 2995 majoris
1422 2914 1814 2976 auctoritatis
1862 2917 1925 2976 et
1970 2913 2365 2995 antiquitatis
2413 2933 2635 2977 versus

598 3023 690 3086 illi
740 3021 918 3085 nullo
980 3019 1313 3083 intervallo
1361 3018 1438 3081 ab
1487 3017 1628 3081 aliis
1672 3019 1943 3101 separati
2004 3018 2321 3101 leguntur.
2378 3018 2630 3082 Idcirco

595 3135 984 3214 argumenta,
1048 3126 1283 3210 quibus
1344 3125 1636 3207 Bernays
1706 3127 1824 3189 niti
1884 3130 2143 3208 poterat,
2212 3127 2437 3189 iacent
2509 3126 2634 3190 Sed

595 3237 757 3301 adde
820 3241 1186 3319 praeterea:
1255 3232 1310 3296 δ’
1357 3232 1446 3296 Ut
1491 3232 1914 3314 praecedente
1963 3251 2095 3315 cap.
2144 3235 2635 3297 monstravimus

595 3340 1212 3426 Pseudophocylidis
1274 3357 1495 3402 versus
1558 3339 1667 3401 2-3
1740 3339 2025 3401 imitatus
2095 3343 2191 3402 est
2262 3346 2485 3404 auctor
2552 3341 2633 3404 II.

597 3451 816 3533 Sibyll.
864 3449 1013 3512 libri
1058 3451 1201 3531 (vss
1253 3448 1333 3509 52
1383 3448 1553 3528 seq.).

775 3557 844 3640 ε’)
900 3556 957 3620 Ν
963 3576 1045 3618 011
1094 3561 1191 3618 est
1236 3555 1391 3635 quin
1437 3553 1668 3634 videat,
1714 3572 1905 3634 quam
1953 3573 2234 3637 congrue
2281 3556 2638 3637 proemium

598 3664 845 3748 epilogo
891 3662 1285 3745 respondeat,
1333 3665 1524 3742 atque
1571 3661 1765 3723 unius
1812 3661 2202 3743 alteriusque
2250 3682 2453 3724 unum
2500 3681 2638 3726 esse

597 3778 962 3851 auctorem,
1008 3771 1137 3852 jam
1186 3788 1333 3832 vero
1381 3788 1529 3832 cum
1578 3768 1842 3852 epilogo,
1891 3789 2084 3851 quem
2122 3774 2448 3852 praeterea
2493 3790 2633 3833 ver-

596 3900 705 3944 sus
766 3878 1226 3961 Sibyllinorum
1285 3878 1629 3957 imitantur,
1694 3875 1894 3940 fidem
1964 3896 2185 3940 omnes
2255 3877 2630 3960 concedant,

599 3988 755 4072 quid
801 3993 898 4057 est
943 3985 1113 4070 quod
1161 3990 1225 4048 et
1270 3983 1532 4048 exordio
1578 3983 1745 4047 fides
1790 4004 1920 4048 non
1966 3985 2323 4049 habeatur?
