2961 4616
1424 343 1479 349 ..
1523 311 1558 366 8
1598 343 1666 350 .-

520 420 843 483 lomaeum
875 420 1389 503 Philometorem‚
1436 422 1548 486 sed
1583 428 1729 488 ante
1763 423 2085 488 Neronem
2119 427 2567 508 imperatorem

525 528 780 608 vixisse,
827 548 1060 591 novam
1105 530 1488 592 sententiam
1537 530 1710 593 haud
1754 533 2131 614 spernendis
2178 535 2569 616 argumentis

526 635 820 698 fulcivit:
886 655 1079 718 quem
1133 634 1279 699 Otto
1329 637 1558 700 Goram
1619 639 1688 700 in
1751 638 1896 702 diss,
1951 665 1979 697 «
2014 639 2111 704 De
2158 641 2569 724 Pseudopho-

524 743 736 824 cylide
769 769 795 801 »
842 747 885 820 1)
933 744 1286 807 Aristobuli
1333 745 1722 829 discipulum
1769 748 2056 812 extitisse
2105 750 2380 830 conjecit
2415 751 2476 830 2).

704 851 952 927 Quibus
1016 856 1234 916 tamen
1305 853 1714 936 opinionibus
1776 856 2085 918 nonnulla
2146 856 2568 939 adjungenda,

527 958 836 1020 nonnulla
881 958 1296 1022 validioribus
1343 959 1696 1023 rationibus
1731 961 2202 1044 comprobanda
2238 967 2349 1025 aut
2380 964 2570 1027 etiam

527 1065 853 1128 reicienda
900 1085 1146 1129 censeo,

1509 1264 1590 1327 II.

704 1388 895 1471 Apud
942 1389 1253 1471 primores
1305 1392 1516 1470 patres
1578 1388 1958 1454 christianae
2023 1389 2332 1454 ecclesiae
2363 1378 2574 1453 'nulla

527 1497 721 1577 hujus
771 1496 1070 1559 carminis
1116 1497 1355 1559 mentio
1404 1497 1714 1574 occurrit3
1762 1516 1975 1578 neque
2024 1502 2120 1560 est
2168 1497 2339 1579 quod
2384 1499 2574 1561 mire-

523 1623 684 1685 mur,
739 1605 828 1666 ait
881 1603 1129 1684 Goram,
1183 1604 1276 1666 uti
1317 1603 1601 1686 Scaliger
1644 1606 1861 1667 mirari
1907 1604 2176 1685 videtur,
2210 1625 2358 1668 cum
2404 1605 2567 1667 nihil

525 1711 676 1775 inde
726 1730 949 1774 eruere
994 1716 1268 1794 possent,
1316 1711 1486 1790 sicut
1531 1730 1565 1775 e
1610 1711 1790 1775 libris
1824 1716 2038 1795 aperte
2070 1713 2345 1783 ἓθνικοῒς
2385 1712 2489 1795 vel
2535 1732 2570 1776 e

529 1821 726 1883 sacris
770 1819 999 1883 litteris
1048 1824 1444 1882 consuerant.
1606 1894 1608 1896 ¹

704 1927 921 1989 Primo
967 1925 1266 1989 laudatur
1318 1926 1488 2009 apud
1537 1926 1881 1990 Stobaeum
1928 1928 2041 2008 qui
2103 1927 2292 1991 affert
2352 1947 2574 1991 versus

532 2035 770 2096 124-31
824 2032 960 2114 (III,
1025 2034 1148 2113 26),
1213 2032 1426 2096 addito
1493 2033 1751 2096 nomine
1829 2033 2229 2114 Φωκυλίδου,
2296 2039 2360 2098 et
2404 2034 2573 2116 apud

531 2140 928 2204 Nicandrum
975 2140 1394 2205 Scholiastam
1439 2140 1626 2204 Alex.
1668 2141 1861 2222 (446),
1910 2142 2022 2223 qui
2069 2161 2291 2205 versus
2357 2142 2573 2222 171-4,

532 2249 765 2313 deinde
812 2248 979 2332 apud
1027 2247 1504 2331 Hermogenem
1549 2249 1629 2332 (p.
1679 2250 1832 2330 377)
1880 2250 1992 2332 qui
2039 2268 2296 2313 versum
2346 2249 2470 2313 162
2510 2250 2572 2331 3),

535 2358 794 2421 demum
840 2356 1008 2439 apud
1057 2355 1460 2439 Apostolium
1493 2357 1605 2437 qui
1637 2376 1757 2420 vss.
1794 2358 1938 2438 130,
1987 2358 2090 2438 40,
2139 2358 2222 2421 30
2267 2361 2576 2420 memorat

536 2465 666 2546 (IV,
716 2465 798 2526 89
834 2485 904 2542 a3
955 2462 1070 2544 XI,
1121 2465 1200 2526 53
1238 2483 1306 2541 εις
1356 2462 1601 2544 XVIII,
1648 2464 1730 2526 41
1781 2464 1857 2542 a).

714 2572 774 2645 1)
795 2570 871 2632 In
895 2569 1057 2632 libro
1083 2570 1366 2633 secundo
1385 2561 1848 2650 Sibyllinorum
1867 2569 2269 2632 oraculorum
2283 2571 2330 2650 4)
2354 2588 2576 2632 versus

534 2680 703 2741 inter
750 2680 831 2740 55
870 2683 934 2741 et
967 2679 1090 2740 149
1125 2678 1541 2759 Phocilydaei
1575 2678 1874 2741 carminis
1907 2696 2129 2741 versus
2178 2678 2332 2738 5-99
2367 2678 2574 2739 immi-

536 2789 812 2848 scentur.
847 2785 1075 2848 Suidas
1108 2804 1257 2847 vero
1283 2804 1328 2847 s,
1355 2805 1411 2847 v,
1445 2784 1826 2848 Φωκυλίδου
1850 2784 2009 2847 haec
2041 2782 2268 2849 habet:
2310 2808 2338 2840 «
2366 2833 2571 2846 .......
2607 2847 2611 2850 ⁴

523 2892 864 2973 ”Εγραψεν
895 2893 1012 2974 ἔπη
1046 2891 1155 2954 καὶ
1186 2891 1469 2972 ἐλεγείας,
1501 2890 1896 2971 παραινέσεις
1929 2890 2063 2971 ἤτοι
2095 2893 2374 2970 γνῶμας,
2408 2889 2569 2952 ἅστι-

537 3022 652 3070 νας
695 2998 1008 3081 κεφάλαια
1055 2997 1511 3079 ἐπιγράφουσιν
1564 2997 1675 3061 εἶσὶ
1716 2995 1785 3059 δὲ
1826 2997 1896 3059 ἔκ
1946 3000 2076 3059 τῶν
2124 2994 2568 3078 Σιβυλλιακῶν

422 3112 429 3121 ’
536 3107 932 3188 κεκλεμμένα
964 3131 1016 3168 >>.

711 3212 837 3276 Sed
930 3211 1342 3293 compilatum
1434 3229 1583 3273 cum
1660 3208 2069 3291 compilatore
2156 3211 2577 3271 commutasse

704 3440 745 3503 1)
783 3439 841 3491 in
879 3437 1151 3507 Philolog.
1192 3437 1330 3491 1859
1369 3453 1495 3508 pag.
1533 3437 1700 3492 XIX.

705 3528 746 3596 ²)
785 3524 951 3593 Quod
988 3524 1101 3592 jam
1138 3525 1452 3595 suspicatus
1492 3530 1610 3579 erat
1649 3526 1893 3595 Bernays
1931 3542 2056 3597 pag.
2095 3525 2262 3579 XIX.

703 3617 744 3685 ³)
786 3640 809 3664 α
833 3620 864 3671 ὁ
898 3618 954 3672 ἕν
979 3618 1205 3686 Μιλήτῳ
1243 3618 1368 3677 θεός
1412 3633 1590 3686 φησιν·
1636 3617 1790 3672 οὐδὲν
1826 3619 1950 3672 ἄνευ
2001 3639 2130 3686 καμ.
2168 3617 2405 3685 καμάτου
2431 3617 2570 3669 πέλει

540 3707 789 3775 ἀνδράσιν
825 3705 1029 3764 εὐπετὲς
1055 3705 1206 3774 ἔργον
1231 3726 1276 3756 ιι.
1318 3701 1428 3757 Sed
1465 3703 1713 3773 antiquo⁴
1737 3701 2029 3773 Phocylidi
2066 3703 2253 3773 potius
2278 3701 2429 3755 hunc
2455 3718 2571 3755 ver-

547 3811 672 3847 sum
710 3790 1066 3848 tribuendum
1103 3809 1232 3845 cum
1271 3791 1483 3847 Goram
1520 3808 1729 3846 censeo.
1769 3793 1879 3861 (De
1914 3808 2026 3862 qua
2062 3809 2120 3845 re
2156 3789 2283 3845 vide
2319 3791 2441 3859 inf.)

708 3883 751 3949 4)
790 3898 1028 3952 quorum
1063 3886 1189 3936 octo
1236 3882 1501 3953 primores
1556 3880 1727 3935 libros
1784 3880 2026 3935 secundo
2053 3881 2273 3935 saeculo
2309 3886 2436 3951 post
2469 3879 2571 3935 Oh.

523 3990 594 4044 ⁵n.
622 3972 900 4027 confectos
938 3988 1054 4025 esse
1091 3977 1333 4025 recentes
1371 3970 1575 4026 eruditi
1610 3971 1979 4026 consentiunt.

870 4424 1742 4582 A*
