2961 4616
1264 253 1548 307 -43-

553 367 924 449 Aegyptum
970 371 1184 449 aperte
1231 365 1533 446 indicant,
1583 366 1768 430 cuius
1814 383 2023 429 mores
2073 364 2429 449 sepeliendi

374 474 680 538 describit
722 473 906 538 Diod.
943 475 998 555 1,
1034 475 1112 536 91
1155 474 1214 554 1).
1246 473 1410 538 Item
1441 473 1510 540 Si
1543 475 1687 556 quis
1715 473 2072 558 perpendat
2098 477 2257 558 quot
2287 492 2427 536 ver-

371 602 481 646 sus
529 587 593 646 et
635 601 809 646 mare
857 587 922 645 et
963 582 1255 644 nauticas
1300 600 1403 645 res
1467 587 1839 663 memorent,
1903 600 2189 662 quarum7
2252 580 2426 644 Salo-

373 692 583 754 monis
629 695 912 773 tempore
977 693 1262 772 excepte,
1319 688 1544 752 Iudaei
1599 689 2108 753 Palaestinenses
2168 707 2427 771 prorsus

373 798 694 860 immunes
739 795 1020 877 fuerunt,
1066 795 1256 858 facile
1304 794 1765 859 Alexandriam
1810 795 1880 858 in
1924 794 2298 857 memoriam
2328 813 2427 857 re-

373 902 641 966 vocabit.
690 902 934 967 Versus
981 903 1064 964 25
1115 921 1265 984 erga
1309 902 1651 982 naufragos
1681 900 2185 965 misericordiam
2215 899 2430 963 admo-

376 1014 504 1092 net,
553 1011 854 1091 quoniam
899 1010 1220 1093 navigatio
1268 1013 1365 1072 est
1408 1010 1682 1073 incerta:

548 1155 627 1162 —
661 1115 970 1204 ναυεγοὺς
996 1117 1325 1204 οὔιτειρον,
1355 1116 1488 1180 ἐπεὶ
1517 1114 1717 1186 πλόος
1747 1115 1870 1179 ἐστὶ
1894 1114 2147 1197 ἄδηλος.
2186 1152 2268 1160 -—

375 1245 464 1288 vs.
517 1226 639 1287 131
698 1249 726 1281 «
759 1224 950 1287 etiam
979 1225 1162 1288 navis
1185 1224 1571 1307 ,sapientiam
1601 1223 1957 1306 gubernare
1989 1248 2017 1280 »
2057 1222 2243 1286 dicit:

542 1382 1301 1396 .............
1350 1333 1542 1417 σοφία
1570 1333 1680 1396 καὶ
1710 1339 1829 1416 νῆα
1858 1333 2141 1415 κυβερνᾷ
2172 1370 2255 1377 -··
2349 1407 2354 1411 v

373 1462 463 1505 vs.
516 1443 677 1508 152:
732 1466 761 1499 a
794 1440 966 1508 idem
1012 1446 1110 1506 est
1154 1461 1230 1505 ac
1275 1442 1591 1506 seminare
1637 1441 1707 1504 in
1751 1445 1945 1524 ponto
1992 1440 2280 1523 improbo
2321 1439 2431 1504 be-

377 1548 675 1613 nefacere
707 1573 735 1605 »
763 1569 775 1610 ε

515 1681 542 1712 <<
571 1655 664 1740 μὴ
698 1653 906 1720 κακὸν
937 1654 1006 1719 εὗ
1038 1657 1242 1739 ἔρξῃς·
1306 1657 1577 1739 σπείρειν
1607 1657 1743 1720 ἴσον
1774 1655 1894 1719 ἔστ’
1922 1654 2010 1719 ἑνὶ
2054 1653 2270 1737 πόντῳ

378 1764 529 1827 Post
575 1782 830 1828 versum
866 1764 1009 1844 159,
1045 1764 1155 1844 qui
1189 1763 1346 1827 dicit
1375 1783 1515 1827 esse
1545 1763 1611 1825 in
1647 1764 1776 1826 vita
1806 1763 2221 1844 omnigenum
2250 1781 2428 1843 opus,

375 1872 429 1933 si
507 1870 794 1934 laborare
873 1869 1168 1952 volueriS,
1240 1872 1448 1933 statim
1511 1872 1716 1954 primo
1778 1870 1919 1933 loco
1985 1869 2427 1952 subjungitur:

383 2001 411 2033 «
441 1975 498 2039 N
506 1980 655 2039 auta
701 1995 785 2057 eS,
832 1977 1132 2059 navigare
1180 1978 1292 2058 viS,
1338 1996 1513 2040 mare
1546 1981 1642 2040 est
1671 1977 2019 2059 spatiosum
2051 2002 2078 2034 »
2130 2013 2212 2020 —-
2247 1974 2431 2038 Ναύ-

376 2085 540 2156 τιλος
569 2084 637 2164 εἴ,
669 2085 904 2150 πλώειν
934 2085 1181 2167 ἐθέλεις,
1213 2087 1420 2169 εὐρεῖα
1453 2087 1746 2151 θάλασσα
1780 2112 1807 2144 >>
1861 2086 1971 2149 Vs.
2010 2087 2089 2147 15
2107 2107 2141 2175 ᾗ,
2167 2122 2251 2130 ——
2295 2107 2437 2148 στα-

372 2192 549 2275 θμὸν
592 2192 683 2276 μὴ
739 2193 995 2276 κρούειν
1040 2193 1411 2276 ἔτερόζυγον
1456 2194 1589 2258 ἀλλ’
1637 2196 1773 2258 ἴσον
1818 2195 2016 2259 ἕλκειν
2066 2231 2149 2239 -—
2200 2196 2264 2257 et
2307 2212 2430 2255 VSS.

375 2301 594 2365 39-41,
851 2303 854 2306 ’

507 2410 790 2473 ἔστωσαν
822 2408 1177 2493 δ’όμότιμοι
1207 2410 1511 2493 ἐπήλυδες
1541 2412 1607 2475 ἐν
1636 2412 1973 2495 πολιήταις.

509 2518 735 2588 άπντες
766 2517 889 2600 γὰρ
923 2518 1125 2600 ξενίης
1149 2519 1527 2601 πειρωμεθα
1558 2526 1669 2602 τῆς
1693 2520 2180 2602 πολυπλάγκτου

505 2625 688 2708 χώρη
723 2624 866 2688 δὀὔ
898 2630 949 2688 τι
975 2625 1236 2708 βέβαιον
1267 2627 1390 2709 ἔχει
1418 2626 1620 2690 πέδον
1650 2626 2104 2710 ἀνθρώποισιν.

375 2731 807 2799 Alexandriae
856 2733 1092 2815 optime
1140 2734 1484 2807 convenire
1533 2754 1725 2815 quam
1769 2734 2179 2815 frequentare
2211 2733 2424 2816 hospi-

374 2844 469 2902 tes
515 2838 819 2919 solebant,
883 2839 1102 2921 ibique
1149 2841 1504 2904 incolarum
1556 2841 1935 2922 judaeorum
1994 2860 2225 2923 magna
2288 2860 2431 2923 pars

372 2945 543 3008 haud
592 2944 786 3009 dubie
834 2950 1256 3009 mercaturam
1301 2947 1576 3030 gerebat.

556 3055 721 3119 Item
767 3076 856 3119 vs,
906 3057 986 3119 27
1041 3095 1120 3102 —
1173 3056 1354 3120 κοινὰ
1399 3058 1580 3141 πάθη
1613 3058 1884 3122 πάντων·
1933 3058 1971 3122 ὁ
2015 3059 2156 3142 βίος
2184 3057 2428 3142 τροχός.

372 3162 636 3232 ἄστατος
667 3161 858 3245 ὄλβος
895 3200 975 3206 -—
1012 3163 1302 3244 symbola
1333 3164 1567 3245 quibus
1595 3166 1897 3248 Aegyptii
1926 3165 2270 3229 utebantur
2296 3184 2427 3229 me-

376 3273 594 3331 morat.
643 3268 872 3332 Narrat
917 3270 1087 3332 enim
1138 3269 1330 3335 Clem.
1379 3271 1565 3335 Alex.
1614 3272 1838 3336 Strom.
1886 3272 2022 3336 Lib.
2054 3273 2131 3335 V.
2166 3293 2217 3336 c.
2251 3272 2425 3335 Vm.

544 3480 586 3548 ¹)
626 3520 1020 3534 ..........
1060 3483 1230 3536 ἔπειτα
1268 3483 1357 3537 δ’δ’
1374 3486 1729 3553 παρασχίστης
1753 3485 1905 3538 λίθον
1940 3485 2080 3554 ἔχων
2116 3483 2420 3538 αι’θιοπικὸν

377 3572 469 3626 καὶ
507 3570 770 3640 διατεμὼν
818 3573 915 3625 ὅσα
964 3574 1122 3641 νόμος
1173 3573 1372 3627 κελεύει
1417 3572 1511 3642 τὴν
1560 3574 1732 3642 σάρκα
1784 3575 2038 3643 (νεκροῦ),
2089 3580 2411 3642 παραχρῆμα

377 3662 558 3730 φεύγει
596 3662 783 3729 δρόμῳ
826 3662 1133 3715 διωκόντων
1171 3668 1276 3715 τῶν
1312 3664 1709 3731 συμπαρόντων,
1765 3663 1857 3717 καὶ
1893 3664 2061 3723 λίθοις
2099 3662 2416 3732 βαλλόντων,

377 3753 448 3805 ἔτι
485 3751 546 3805 δὲ
581 3751 977 3820 καταρωμένων
1012 3751 1103 3805 καὶ
1140 3752 1433 3820 καθαπερεὶ
1470 3752 1528 3806 τὸ
1550 3753 1715 3821 μύσος
1747 3755 1819 3814 εἷς
1855 3753 2055 3812 ἐκεῖνον
2090 3753 2417 3821 τρεπόντων;

378 3840 538 3910 quasi
576 3845 643 3893 ut
678 3838 959 3894 cadaveris
985 3840 1118 3894 laesi
1156 3845 1445 3910 peccatum
1469 3842 1527 3894 in
1552 3841 1703 3895 hunc
1741 3841 1924 3896 solum
1962 3874 2028 3880 —
2064 3843 2419 3911 παρασχίστην

381 3960 446 3967 -
476 3925 758 3993 recideret,
804 3926 951 3982 unde
979 3929 1261 3998 colligitur
1285 3934 1340 3982 et
1364 3928 1498 3999 ipsis
1524 3929 1815 4001 Aegyptiis
1841 3928 2097 3984 odiosum
2121 3945 2239 3983 esse
2261 3927 2415 3982 hunc
