2961 4616
1276 340 1343 348 -
1385 311 1453 364 55
1494 341 1562 348 ..-

386 427 639 501 tempus
688 419 1029 499 conjuncte
1078 418 1316 483 elatum
1347 420 1740 503 significanS,
1771 424 1915 503 post
1945 421 2442 503 propositionem

383 525 803 609 principalem
846 531 1206 609 negantem,
1278 528 1765 608 conjunctivum
1823 526 2085 590 modum
2151 546 2301 590 cum
2363 526 2442 590 ἄν

385 633 833 716 expostularet.

498 776 501 781 <
562 778 645 785 —
678 738 879 803 καλὸν
910 789 1099 803 ......
1147 741 1188 822 ἤ
1223 725 1617 821 (νεε.’81-2);
1667 743 1708 823 ἤ
1756 779 1840 786 -
1875 760 2066 822 quam
2100 778 2183 785 —
2218 759 2443 803 vocem

381 847 868 912 antecedentem
916 848 1409 930 comparativam
1433 847 1537 911 vel
1570 848 1763 910 huius
1796 848 2013 911 vicem
2041 866 2273 931 gerens
2304 866 2443 911 ver-

387 956 542 1018 bum
587 955 721 1038 (cfr.
768 955 1044 1038 Theogn.
1084 956 1128 1036 l)
1173 974 1294 1018 vss.
1347 957 1575 1037 145-6)
1620 956 1745 1019 sibi
1791 955 2161 1019 vindicaret.

561 1062 914 1126 τελέθονται
960 1081 1051 1125 vs,
1104 1063 1246 1126 104.
1294 1062 1674 1125 Inusitatam
1706 1063 1884 1126 verbi
1917 1101 2002 1108 —-
2033 1063 2275 1127 τελέθω
2306 1082 2439 1126 me-

383 1170 552 1232 diam
598 1168 869 1233 forma‘m
915 1174 1071 1252 puto
1118 1171 1331 1252 potius
1373 1177 1737 1253 corruptam
1770 1190 1909 1234 esse
1939 1172 2160 1253 seriuS,
2193 1173 2442 1234 namin

382 1279 519 1360 ipso
569 1278 850 1341 carmine
896 1278 1158 1341 invenio
1205 1280 1315 1360 (vs,
1367 1279 1475 1360 75)
1513 1278 1811 1341 formam:
1849 1316 1931 1323 —
1964 1279 2323 1343 τελέθουσιν
2355 1317 2438 1324 -

386 1389 451 1448 et
493 1385 604 1467 (vs,
658 1385 807 1466 170)
851 1384 1099 1448 τελέθει.
1147 1383 1435 1448 Lexicon
1485 1405 1635 1448 cum
1682 1385 2012 1449 vocabulis
2071 1386 2440 1469 politiorum

384 1493 552 1555 inter
595 1491 784 1555 LXX
829 1493 1210 1575 interpretes
1256 1494 1604 1555 maximam
1648 1499 1894 1575 partem
1933 1494 2091 1572 coit3
2128 1493 2439 1556 nonnulla

383 1604 592 1662 tamen
658 1601 832 1673 ἅπαξ
892 1598 1199 1682 λεγόμενα
1249 1604 1313 1663 et
1366 1600 1682 1681 sequioris
1744 1601 1966 1663 aetatis
2026 1602 2282 1683 propria
2344 1600 2436 1663 af-

380 1705 545 1769 fert:

378 1812 487 1875 Vs.
540 1815 572 1875 1
628 1850 710 1858 ——
759 1813 1220 1895 γαμοκλοπέειν
1270 1852 1354 1859 -—
1406 1814 1677 1877 verbum
1716 1813 1839 1877 hoc
1871 1813 2038 1895 apud
2073 1813 2432 1897 Pseudoph.

513 1977 517 1981 .
605 1923 885 1981 tantum:
934 1920 1039 2001 (-
1099 1920 1505 2001 γαμοκλοπία
1561 1957 1647 1964 ——
1703 1918 1872 2001 apud
1936 1918 2037 1982 Or.
2094 1918 2315 2001 Sibyll.
2373 1927 2437 1984 et

607 2062 689 2070 —
725 2025 1139 2106 γαμοκλόπος
1170 2026 1340 2109 apud
1369 2025 1430 2088 N
1433 2043 1579 2089 onn
1611 2025 1686 2089 D.
1722 2028 1778 2107 3,
1784 2028 1864 2089 37
1876 2029 1953 2104 7).

380 2131 489 2195 Vs.
541 2134 621 2194 15
672 2170 755 2177 —-
804 2132 1172 2216 ἑτερόζυγος
1230 2133 1365 2216 (cfr.
1427 2133 1579 2197 LeV.
1641 2132 1825 2216 XIX,
1893 2135 1998 2215 19)
2054 2133 2279 2215 adject.
2337 2154 2436 2198 se-·

605 2241 847 2322 quioris
894 2242 1117 2304 aetatis
1162 2261 1314 2325 pro:
1364 2280 1447 2287 —
1484 2241 1796 2326 ἔτερόζυξ,
1830 2266 1916 2314 ος.

384 2348 492 2411 VS.
544 2349 627 2410 18
676 2385 759 2394 ——
794 2349 1187 2432 ἐπαράσιμος
1219 2388 1301 2394 —-
1336 2352 1394 2413 ἅ.
1426 2351 1478 2413 λ.

381 2454 490 2517 Vs.
540 2456 625 2517 24
675 2493 758 2500 —
791 2456 1051 2538 ἅστεγος
1094 2458 1181 2538 (et
1227 2477 1315 2520 vs.
1366 2458 1475 2538 27)
1521 2458 1650 2538 jam
1696 2477 1734 2521 a
1778 2457 1968 2520 LXX
2016 2462 2407 2541 usurpatum.

383 2562 492 2625 Vs.
519 2562 603 2624 26
630 2600 713 2607 -
749 2563 1157 2645 ἀπερίστατον
1189 2601 1272 2608 —
1309 2565 1570 2646 einsam,
1613 2564 1849 2627 hiilflos
1882 2564 2052 2647 apud
2076 2564 2435 2648 Pseudoph.

603 2675 668 2733 et
710 2669 894 2753 Diog.
942 2670 1306 2734 Laertiaum
1355 2671 1496 2753 VH,
1532 2673 1605 2750 53
1648 2670 1823 2734 aliud
1856 2671 2230 2754 significans
2262 2671 2432 2754 apud

603 2776 805 2841 Polib.
1977 2762 1982 2767 ’

376 2884 487 2947 Vs.
535 2886 615 2947 31
670 2923 754 2930 -—
786 2886 1234 2952 εἰδωλοθύτων
1267 2924 1350 2931 -
1387 2885 1474 2949 Ν.
1503 2886 1565 2950 Τ.

376 2991 487 3054 Vs.
536 2993 622 3053 44
673 3030 755 3037 -—
788 2993 1110 3077 βιοφθόρε
1143 3032 1227 3042 --
1260 2996 1317 3058 ἅ.
1349 2994 1402 3058 λ.

379 3098 490 3160 Vs.
539 3099 623 3161 49
659 3137 742 3144 ——
789 3103 1155 3184 πετροφυής
1201 3138 1285 3147 ——
1333 3101 1591 3165 Primus
1637 3100 2268 3184 Pseudophocylides
2314 3103 2437 3166 hoo

601 3205 990 3286 adjectivum
1036 3210 1316 3290 usurpat,
1365 3206 1598 3270 deinde
1645 3207 1915 3290 scriptor
1944 3205 2153 3288 sibyll.
2190 3211 2254 3270 et
2281 3205 2435 3269 Dio-

599 3311 881 3375 scorides
926 3313 1006 3394 (v,
1053 3312 1208 3376 Lex,
1257 3312 1644 3396 Sophocles).

382 3418 487 3482 Vs.
523 3419 623 3481 '54
680 3456 764 3464 -—
818 3420 1178 3502 πολύολβος
1232 3458 1316 3466 —-
1373 3421 1547 3502 quod
1604 3425 1751 3484 ante
1828 3420 2188 3503 Pseudoph.
2242 3440 2432 3484 nemo

601 3532 880 3610 usurpat,
912 3515 1228 3610 posterius
1268 3547 1418 3592 vero
1450 3527 1715 3610 Dionys
1777 3528 1937 3610 Per„
1988 3527 2315 3610 ColuthuS,
2345 3529 2434 3591 A·

602 3634 832 3716 gathia.

549 3864 591 3931 ¹)
629 3864 890 3922 Fortasse
926 3864 1106 3918 forma
1144 3896 1211 3903 ——
1248 3865 1541 3920 τελέθονται
1581 3896 1649 3903 -
1704 3881 1734 3918 e
1780 3863 1978 3934 Sibyll.
2024 3863 2180 3918 libris
2219 3862 2430 3918 deriva-

380 3959 477 4006 tur
491 3969 504 4019 ;
544 3952 639 4007 ubi
665 3954 916 4010 similiter
940 3954 1236 4028 leguntur:
1266 3985 1331 3993 —
1358 3955 1668 4021 τελέθονται,
1707 3956 1993 4019 τελέθοντο,
2035 3956 2293 4010 τελέθεται
2319 3958 2424 4007 etc.
