2961 4616
1173 335 1238 342 -
1281 301 1346 356 ]9
1392 334 1458 342 ,-

299 420 360 478 et
393 434 540 477 cum
576 433 700 496 seq.
742 433 950 477 accus.
979 418 1043 477 et
1069 387 1122 489 ᾖ
1141 444 1164 456 ·
1189 394 1307 509 ⁸7⁴9
1333 444 1359 455 -
1384 414 1444 489 2
1473 450 1559 459 --
1580 413 1921 495 mandavit,
1953 411 2349 477 concredidit

294 521 499 602 alicui,
547 520 783 584 alicubi
830 520 1167 604 deponere,
1230 520 1493 583 alterius
1559 539 1751 583 curae
1816 521 2212 584 committere
2259 556 2342 565 —-

300 627 671 707 Gesenius);
706 645 903 709 quare
937 627 1173 691 locutio
1207 627 1565 710 παραθήκη
1602 626 1677 690 ad
1728 645 1866 691 rem
1901 627 2343 690 mercatoriam

294 736 569 797 maxime
615 737 857 798 attinet.
905 733 1195 815 Bernays
1244 753 1359 817 pro
1400 759 1427 791 ‹<
1455 734 1813 818 παραθήκη
1844 760 1872 793 a>
1926 734 2124 797 sumit
2171 759 2198 790 «
2220 757 2343 797 πα-

292 842 547 924 ρθεοίην
576 841 989 926 (παραθεσία)
1025 878 1108 886 -
1150 860 1523 924 comparans
1548 839 1938 904 Dioscoridis
1959 841 2346 924 epigramma

292 949 381 1030 (A.
419 947 487 1010 P.
532 947 676 1027 VII,
724 949 848 1029 37).
892 947 1167 1010 Videtur
1192 946 1475 1030 Bergkio
1513 952 1713 1029 poeta,
1763 948 2065 1029 quoniam
2107 947 2344 1029 proprii

300 1053 584 1117 vocabuli
636 1053 842 1116 forma
887 1091 971 1098 -—
1003 1054 1316 1137 παρθήκη
1367 1090 1451 1098 --
1500 1073 1629 1115 non
1678 1058 1846 1116 esset
1891 1054 1958 1115 in
2007 1072 2147 1135 usu,
2212 1072 2342 1116 ma-

294 1160 481 1223 luisse
527 1161 889 1243 παρθεσίην
936 1160 1185 1223 dicere:
1219 1160 1515 1223 similiter
1558 1160 1812 1241 jonicus
1858 1162 2128 1243 scriptor
2172 1159 2341 1243 apud

291 1268 595 1331 Stobeum
624 1267 936 1350 XXVIII,
990 1268 1068 1329 18
1118 1305 1201 1312 -
1249 1268 1318 1332 ἐν
1360 1269 1713 1349 παραθέσει
1760 1304 1843 1313 --
1879 1268 2059 1350 dixit,
2107 1267 2339 1331 deinde

292 1375 691 1458 παραθήκην
726 1376 788 1455 1).
841 1373 1063 1456 Τηρεῖν
1092 1373 1497 1457 παραθήκην
1526 1373 1765 1437 locutio
1797 1393 2026 1457 graeca
2058 1379 2154 1437 est
2180 1396 2194 1453 3
2230 1373 2342 1436 cfr.

288 1480 441 1544 Isoc.
483 1481 566 1545 ad
601 1480 850 1544 Demon
879 1482 963 1563 (p.
998 1481 1055 1543 6.
1103 1480 1327 1563 steph.)
1359 1518 1442 1525 —
1473 1481 1716 1564 μᾶλλον
1744 1484 1914 1565 τήρει
1942 1479 2053 1552 τὰς
2081 1486 2209 1544 τῶν
2238 1481 2340 1544 λό-

290 1610 419 1669 γων
460 1590 499 1670 ἢ
532 1587 646 1657 τὰς
675 1591 802 1650 τῶν
832 1587 1182 1669 χρημάτων
1221 1587 1796 1670 παρακαταθήκας.
1831 1625 1914 1632 -
1954 1586 2226 1670 Ἀγάπην
2258 1624 2340 1631 -

291 1695 526 1776 optimo
567 1695 711 1775 jure
759 1695 830 1755 in
859 1731 942 1737 —-
973 1694 1172 1757 πίστιν
1204 1731 1287 1738 -
1322 1698 1638 1756 mutatum
1667 1695 1839 1775 (cum
1869 1694 1999 1775 jam
2031 1693 2341 1757 Stobaeus

294 1805 355 1862 et
396 1800 591 1862 multi
636 1798 815 1863 codd.
864 1800 1030 1862 hanc
1075 1798 1424 1881 praebeant
1467 1799 1849 1880 lectionem),
1897 1818 1980 1862 ex
2029 1799 2210 1862 Orac.
2243 1799 2346 1862 Si-

289 1905 434 1987 byll.
482 1906 652 1968 libro
699 1905 823 1988 H.⁰,
855 1905 1040 1969 cuius
1086 1907 1357 1989 scriptor
1396 1906 1781 1968 christianus
1815 1924 2070 1968 versum
2121 1908 2221 1987 13,
2269 1910 2341 1967 ut

290 2030 477 2095 supra
538 2011 896 2093 retulimuS,
963 2011 1256 2093 confecit,
1321 2011 1680 2074 derivatum
1736 2017 2048 2075 censetur.
2101 2012 2340 2074 Versus

294 2120 370 2181 31
425 2156 506 2165 --
560 2118 718 2202 αἷμα
752 2118 822 2181 δὲ
849 2118 941 2201 μὴ
975 2124 1218 2201 φαγεῖν,
1266 2117 1715 2182 εἰόωλοθύτων
1759 2120 2108 2202 ἀπέχεσθαι
2150 2156 2231 2165 -
2273 2120 2342 2180 in

290 2227 663 2290 memoriam
706 2231 965 2290 revocat
1010 2226 1181 2310 quod
1227 2227 1295 2288 in
1334 2226 1410 2290 Ι.ο
1453 2226 1726 2290 concilio
1762 2228 1984 2311 Apost.
2016 2228 2058 2291 J
2062 2227 2339 2310 erosoly-

292 2335 529 2398 mitano
580 2336 897 2398 sancitum
930 2340 1079 2417 erat,
1128 2334 1416 2414 scilicet;
1467 2372 1551 2380 —-
1600 2336 1949 2419 ἀπέχεσθαι
1994 2336 2343 2400 εἰδωλοθύ-

292 2466 416 2507 των
463 2442 579 2507 καὶ
626 2444 891 2526 αἵματος
921 2443 1030 2508 καὶ
1059 2448 1285 2506 πικτοῦ
1316 2444 1427 2506 καὶ
1456 2444 1757 2525 πορνείας
1785 2469 1843 2509 κ.
1888 2469 1936 2508 τ.
1969 2444 2020 2507 λ.
2063 2446 2344 2529 (πράξεις

292 2553 416 2612 τῶν
461 2547 764 2612 ἀποστόλ.
811 2547 956 2611 XV.
1005 2548 1129 2630 23).

468 2655 597 2719 Sed
659 2656 789 2736 jam
849 2654 1139 2737 Bernays
1198 2656 1371 2719 hunc
1433 2676 1691 2719 versum
1738 2677 1776 2719 a
1823 2656 2097 2738 quodam
2155 2657 2339 2719 Chri-

292 2764 498 2826 stiano
546 2763 868 2849 adjectum
913 2768 1112 2846 putat,
1162 2782 1440 2845 eumque
1487 2765 1700 2846 rejicit
1744 2772 1818 2827 ut
1847 2764 1924 2827 ab
1960 2765 2150 2827 huius
2194 2770 2343 2848 poe·-

294 2871 479 2932 matis
524 2870 822 2933 instituto
868 2888 1127 2951 prorsus
1174 2869 1473 2952 alienum,
1516 2872 1703 2934 cuius
1736 2872 2019 2953 scriptor,
2052 2890 2168 2932 suo
2202 2872 2342 2951 qui-

293 2974 433 3039 dem
499 2974 759 3057 judicic,
822 2994 1142 3056 nusquam
1199 2981 1414 3058 aperte
1462 2995 1729 3058 graecae
1792 2978 1968 3059 genti
2014 2996 2193 3039 sacra
2244 2995 2344 3039 re-

292 3082 647 3164 prehendit.
695 3083 1036 3147 Praeterea
1082 3083 1383 3146 eumdem
1434 3104 1684 3148 versum
1716 3090 1890 3148 recte
1922 3090 2068 3147 ante
2116 3106 2204 3148 vs.
2254 3086 2336 3147 32

293 3194 564 3275 scriptor
595 3191 773 3254 Orac.
819 3191 1019 3254 Sibill.
1064 3193 1286 3275 ponit3
1339 3195 1467 3276 qui,
1518 3213 1665 3257 cum
1701 3214 1787 3256 vs,
1820 3196 1903 3257 30
1937 3195 2097 3257 ἔστω
2128 3194 2345 3264 κοινὸς

293 3299 462 3370 ἅπας
507 3300 544 3362 ὁ
587 3300 727 3383 βίος
756 3298 902 3372 κτλ.,
951 3304 1023 3361 ut
1069 3319 1264 3382 supra
1310 3300 1606 3383 vidimuS,
1640 3301 2105 3384 explanationis
2153 3322 2343 3365 causa

295 3405 523 3469 leviter
567 3407 981 3488 immutasset,
1029 3406 1265 3487 adjecit
1309 3426 1482 3489 seqq.
1532 3428 1796 3471 versus:

342 3513 615 3596 Μήποτε
660 3510 865 3595 ἄνδρα
910 3514 1145 3597 πένητα
1193 3513 1351 3577 ι’ὂὼν
1398 3516 1675 3598 σκώψῃς
1720 3516 1977 3587 ἐπέεσιν,

341 3621 534 3706 Μηόὲ
578 3627 803 3692 κακῶς
851 3645 920 3703 γε
964 3622 1336 3705 προσέρπῃς
1378 3623 1692 3706 μώμητόν
1736 3647 1868 3687 τινα
1915 3629 2118 3707 φῶτα.

352 3727 435 3792 Τὸ
482 3729 599 3811 ζῆν
644 3727 712 3791 ἐν
756 3729 1021 3813 θανάτῳ
1069 3728 1488 3812 δοκιμάζεται·
1536 3733 1601 3795 εἴ
1635 3756 1720 3806 τις
1765 3733 2039 3816 ἔπραξεν

467 3971 508 4036 ¹)
531 3971 736 4025 Forma
751 3970 967 4042 integra
988 3994 1011 4019 α
1034 3973 1360 4042 παραθήκην
1385 3992 1405 4017 ι
1431 3970 1591 4023 estin
1611 3986 1772 4024 versu
1793 3971 1893 4024 135
1921 3967 2236 4041 Pseudoph.
