2961 4616
1178 340 1461 392 -21-

296 453 495 516 αὐτοῦ
528 450 727 515 Ἱ-ἀπὸ
757 450 994 523 παντὸς
1025 452 1308 534 ῥήματος
1338 452 1565 517 ἀδίκου
1598 453 1923 536 ἀποστήσῃ
1950 476 2069 531 -;
2107 457 2171 516 et
2197 473 2344 517 cum

299 562 487 625 Prov.
535 559 788 640 XXIX,
837 559 1223 623 Ἱ-ἒπίσταται
1267 559 1511 630 δίκαιος
1554 560 1789 642 κρίνειν
1811 565 2145 641 πενιχροῖς,
2193 560 2231 623 ὅ
2278 560 2347 625 δὲ

297 668 532 751 ἀσεβὴς
591 669 668 732 ού
727 673 867 732 νοεῖ
916 671 1165 748 γνῶσιν,
1226 667 1336 730 καὶ
1393 674 1635 749 πτωχῷ
1703 667 1824 730 οὐκ
1870 667 2138 750 ὑπάρχει
2190 674 2342 739 νοῦς

301 777 702 858 ἐπιγνώμων.
750 775 1027 839 Versum
1079 776 1197 837 12:

350 923 434 930 ——
493 883 845 966 μαρτυρίην
889 882 1101 964 ψευδῆ
1146 882 1418 965 φεύγειν,
1457 880 1530 945 τὰ
1574 882 1785 946 ὂίκαια
1832 882 2170 965 βραβεύειν
2217 921 2299 929 -

305 1011 455 1054 eum
486 1011 659 1073 prov.
709 989 955 1071 XXIV,
998 990 1081 1052 28
1111 1010 1123 1052 :
1154 1028 1237 1035 —
1263 988 1380 1073 Μὴ
1406 989 1538 1052 ἴσθι
1566 987 1814 1071 ψευδὴς
1841 989 2085 1071 μάρτυς
2107 989 2207 1052 ἐπὶ
2232 988 2346 1055 σὸν

303 1099 562 1180 πολίτην
605 1096 771 1180 μηδὲ
815 1096 1133 1160 πλατύνου
1180 1102 1314 1167 σοῖς
1358 1097 1631 1180 χείλεσιν.
1680 1134 1763 1140 -
1804 1095 2049 1159 Versus
2093 1098 2191 1177 14,
2229 1098 2345 1159 15:

304 1245 387 1252 —
421 1207 618 1289 μέτρα
661 1206 868 1288 νέμειν
907 1204 980 1268 τὰ
1015 1205 1243 1279 δίκαια,
1274 1203 1474 1269 καλὸν
1508 1205 1902 1286 ὂ’ἒπίμετρον
1933 1204 2231 1269 ἁπάντων
2263 1244 2346 1251 -

299 1351 383 1359 ——-
435 1311 725 1396 σταθμὸν
783 1312 874 1394 μὴ
921 1312 1178 1392 κρούειν
1224 1310 1612 1393 ἔτερόζυγον,
1660 1311 1787 1374 ἀλλ’
1808 1313 1945 1375 ἴσον
1990 1311 2203 1375 ἕλκειν.
2262 1349 2345 1357 ——

301 1442 451 1485 cum
497 1421 647 1484 LeV.
695 1420 879 1500 XIX,
945 1420 1070 1482 35:
1122 1458 1204 1464 ——
1262 1419 1357 1483 Οὗ
1401 1419 1689 1500 ποιήσετε
1744 1418 1969 1482 ἄδικον
2014 1419 2081 1482 ἓν
2125 1420 2341 1500 κρίσει,

304 1529 370 1592 ἓν
415 1528 685 1610 μέτροις,
735 1526 843 1591 καὶ
888 1527 955 1591 ἕν
1000 1527 1325 1607 σταθμοῖς,
1373 1526 1482 1590 καὶ
1527 1527 1594 1589 ἒν
1641 1528 1853 1607 ζυγοῖς
1901 1549 2021 1593 —-:
2073 1531 2138 1589 et
2191 1547 2340 1590 cum

301 1637 487 1700 Prov.
535 1635 652 1716 XI,
703 1637 733 1698 1
783 1673 866 1680 --
917 1634 1114 1715 Ζυγοὶ
1145 1634 1341 1698 ὂόλιοι
1385 1634 1713 1716 βδέλυγμα
1760 1634 2034 1698 ἐνώπιον
2081 1634 2344 1716 Κυρίου,

302 1742 616 1824 στάθμιον
663 1741 732 1804 δὲ
779 1741 1025 1804 δίκαιον
1072 1739 1295 1805 ὅεκτὸν
1326 1742 1516 1822 αὐτῷ.
1564 1740 1842 1803 Versum
1894 1741 2012 1802 16:

480 1887 565 1893 —
596 1848 754 1930 μηδ’
806 1849 1192 1932 ἐπιορκήσῃς
1233 1848 1623 1931 μήτ’ἆγνῶς
1651 1848 1807 1931 μήτε
1838 1848 2055 1911 έκοντί.
2091 1887 2174 1893 —
2202 1869 2349 1911 cum

297 1956 446 2020 Lev.
519 1953 702 2035 XIX,
778 1956 859 2017 12
932 1993 1014 2000 —
1073 1954 1201 2018 Καὶ
1265 1955 1344 2018 οὗ
1404 1954 1666 2036 ὀμεῖσθε
1733 1960 1827 2035 τῷ
1894 1954 2159 2034 ὀνοματί
2216 1978 2348 2037 μου

298 2063 388 2125 ἐπ’
427 2061 655 2143 ἆόίκῳ,
717 2060 827 2124 καὶ
887 2062 963 2125 οὐ
1023 2060 1416 2144 βεβηλώσετε
1474 2059 1545 2124 τὸ
1600 2061 1807 2142 ὄνομα
1868 2059 1939 2124 τὸ
2005 2061 2186 2141 ἅγιον
2238 2067 2349 2124 τοῦ

298 2169 458 2233 ’θεοῦ
506 2168 693 2251 ὑμῶν
726 2190 843 2245 -;
899 2168 1139 2231 locutio
1185 2186 1336 2230 vero
1386 2205 1468 2211 —
1519 2167 1647 2248 ἐγώ
1709 2168 1831 2249 εἶμι
1898 2167 1937 2230 ὁ
1996 2166 2218 2248 κύριος
2264 2205 2348 2213 ---

297 2277 494 2352 ΠἸΠ)
528 2275 662 2353 ’38
687 2308 770 2321 —
816 2275 1007 2340 nimis
1054 2294 1291 2357 severa,
1339 2275 1634 2357 sequenti
1683 2294 1872 2338 versu
1907 2276 1984 2338 17
2021 2275 2110 2338 ita
2141 2275 2351 2358 expri-

298 2388 525 2450 mitur:
580 2424 664 2431 —
709 2384 1083 2468 ψεύόορκον
1129 2384 1363 2465 στυγέει
1393 2382 1550 2454 θεὸς
1595 2384 1918 2466 ἄμβροτος
1949 2383 2114 2455 ὅστις
2158 2383 2351 2466 ὀμόσ-

298 2519 394 2578 σῃ.
430 2533 513 2540 -

476 2603 556 2665 In
601 2622 789 2666 versu
842 2602 961 2665 18:

480 2749 563 2756 —
598 2710 926 2791 σπέρματα
956 2708 1047 2792 μὴ
1081 2708 1377 2772 κλέπτειν·
1410 2707 1805 2789 ἕπαράσιμος
1835 2707 1999 2778 ὅστις
2032 2708 2236 2790 ἕληται
2268 2747 2351 2754 -

299 2817 591 2899 Bernays
635 2817 976 2880 lectionem
1010 2854 1093 2862 —-
1124 2815 1398 2898 τέρματα
1446 2815 1539 2897 μὴ
1579 2815 1858 2879 κλέπτειν
1891 2854 1974 2860 -
2009 2816 2351 2898 proposuit,

300 2945 448 2987 eum
495 2925 566 2986 in
611 2924 898 2987 Levitico
944 2923 1190 2986 nullum
1234 2922 1606 2985 huiusmodi
1634 2927 2045 3004 praeceptum
2076 2941 2145 2985 se
2177 2924 2355 2986 inve-

299 3033 472 3096 nisse
522 3032 773 3094 dixerit.
821 3031 947 3095 Sed
993 3031 1252 3093 invenio
1300 3031 1368 3091 in
1414 3029 1564 3093 Lev.
1599 3028 1782 3110 XIX,
1818 3030 1898 3092 13
1939 3067 2022 3074 -—
2055 3028 2191 3093 Οὔκ
2225 3030 2356 3093 ‹362-

299 3139 501 3208 κέσεις
544 3136 653 3201 τὸν
698 3137 980 3220 πλησίον,
1028 3136 1139 3200 καὶ
1168 3137 1288 3219 οὐχ
1320 3137 1512 3219 ἇρπᾷ’
1543 3134 1654 3198 καὶ
1685 3135 1762 3198 οὗ
1791 3133 1881 3217 μὴ
1914 3135 2355 3218 κοιμηθήσετε·

301 3244 339 3307 ὁ
382 3242 620 3327 μισθὸς
664 3250 775 3307 τοῦ
821 3244 1157 3326 μισθωτοῦ
1200 3267 1316 3307 σου
1346 3241 1525 3325 παρὰ
1555 3242 1655 3306 σοὶ
1684 3243 1808 3312 ἕως
1836 3240 2017 3324 πρωΐ
2040 3264 2157 3321 -;
2194 3262 2357 3324 quae

297 3352 544 3415 fontem
592 3371 721 3433 seq.
769 3370 993 3415 versus
1039 3350 1718 3433 Pseudophocylideae
1751 3349 2099 3443 ostendunt
2130 3387 2213 3396 ——
2260 3374 2359 3431 μι-

299 3459 464 3524 σθὸν
513 3459 911 3542 μοχθήσαντι
974 3458 1170 3522 ὂίόου·
1227 3457 1317 3540 μὴ
1379 3458 1561 3540 θλῒβε
1623 3457 1856 3539 πένητα
1890 3479 2008 3534 -;
2077 3461 2142 3519 at
2197 3457 2358 3520 illud

309 3590 337 3623 «
376 3566 496 3629 οὐκ
546 3565 852 3635 ἆόικέσεις
894 3589 941 3627 τ.
988 3588 1052 3627 π.
1099 3563 1208 3628 καὶ
1243 3564 1362 3643 οὐχ
1392 3563 1571 3644 ἅρπᾷ
1608 3587 1635 3619 >>
1673 3560 1743 3624 τὸ
1782 3585 1811 3617 <<
1850 3560 2176 3643 σπέρματα
2220 3561 2358 3626 κλέ-

297 3696 466 3736 πτειν
505 3697 533 3729 >>
575 3670 1041 3753 quodammodo
1087 3669 1372 3733 involvit.
1439 3670 1776 3734 Praeterea
1822 3705 1904 3712 —
1951 3668 2223 3750 τέρματα
2273 3707 2357 3715 -

306 3778 524 3841 furtim
576 3798 706 3841 non
754 3775 1136 3840 auferuntur
1180 3775 1292 3838 sed
1338 3777 1550 3858 potius
1598 3778 1989 3850 amoventur,
2036 3779 2110 3836 ut
2140 3774 2357 3838 videre

304 3889 399 3947 est
441 3885 512 3946 in
557 3883 744 3947 Deut.
792 3882 976 3964 XIX,
1014 3883 1095 3945 14
1128 3920 1212 3927 -—
1261 3881 1340 3944 οὔ
1383 3880 1812 3963 μετακινήσεις
1857 3878 2000 3961 ὅρια
2046 3885 2158 3943 τοῦ
2203 3880 2359 3962 πλη-

308 3992 463 4065 σίου,
509 3993 550 4055 ἃ
596 3992 862 4075 ἔστησαν
907 3991 971 4054 οῖ
1011 3988 1310 4073 προτεροί
1353 4012 1576 4053 σου.--
2222 3976 2228 3983 ’
