2961 4616
1197 376 1262 382 -
1303 343 1367 396 41
1412 374 1478 381 .-

489 452 772 518 Demum
819 475 1078 521 versum
1131 456 1298 518 175:

552 565 643 649 μὴ
689 566 908 649 μείνης
953 566 1221 648 ἄγαμος,
1266 565 1505 648 μήπως
1550 564 1849 644 νώνυμος
1895 562 2080 646 ὄληαι

304 674 530 738 confer
578 694 726 738 cum
772 668 904 758 cap.
952 673 1062 736 VI.
1109 672 1207 736 De
1254 672 1535 754 Legibus
1582 671 1771 735 Plat.:
1830 670 1978 754 Χρὴ
2042 671 2360 752 ἀειγενοῦς

301 783 565 866 φύσεως
609 782 977 864 ἀντέχεσθαι
1020 789 1114 864 τῷ
1156 780 1389 852 παῖδας
1432 781 1879 853 καταλείποντι,
1927 778 2022 843 ἀεὶ
2066 764 2180 861 τῷ·
2216 777 2365 861 Θεῷ

300 891 609 973 ὗπερέτας
653 892 798 956 ἀνθ’
848 892 1043 954 αὑτοῦ
1087 889 1515 971 παραόιόόναι
1563 927 1665 970 —-‚
1711 894 1775 952 et
1807 909 1896 953 VS.
1932 888 2056 951 199
2093 894 2156 951 et
2187 907 2359 969 seqq.

303 1018 452 1062 cum
501 1016 626 1062 vss.
678 1000 801 1062 183
854 1003 918 1063 et
962 1017 1135 1080 seqq.
1181 996 1605 1079 Theognidis:

393 1106 641 1190 Κριοὺς
684 1107 803 1188 μὲν
847 1105 957 1169 καὶ
1002 1106 1195 1176 ὅνους
1240 1104 1576 1187 διζήμεθα,
1627 1103 1856 1186 Κύρνε,
1904 1102 2013 1167 καὶ
2058 1102 2290 1172 ἵππους

391 1216 706 1297 εὖγενέας,
754 1215 869 1278 καί
906 1239 994 1286 τις
1038 1215 1328 1297 βούλεται
1374 1214 1443 1287 ἐξ
1489 1213 1762 1295 ἀγαθῶν

391 1322 744 1406 Βήσεσθαι.
775 1329 971 1406 γῆμαι
1003 1322 1073 1386 δὲ
1104 1321 1315 1405 κακὴν
1346 1327 1561 1385 κακοῦ
1593 1321 1671 1384 οὗ
1700 1318 2056 1402 μελαόαίνε,

394 1429 592 1501 ἐσθὰς
637 1430 818 1512 ἇνηρ,
867 1431 945 1512 ἢν
992 1430 1055 1493 οῖ
1095 1430 1391 1512 χρήματα
1435 1427 1639 1491 πολλὰ
1689 1427 1864 1508 διδῷ.

391 1646 689 1729 χρήματα
739 1643 860 1727 γὰρ
905 1649 1129 1726 τιμῶσι
1173 1668 1232 1708 κ.
1279 1668 1326 1707 τ.
1373 1644 1408 1706 λ
1410 1693 1733 1706 ......
1781 1636 1793 1704 ’.

301 1773 468 1835 quae
519 1759 692 1817 certo
743 1754 980 1816 certius
1025 1772 1176 1834 prae
1224 1752 1427 1815 oculis
1474 1750 1700 1813 habuit
1730 1748 2362 1832 Pseudophocylides

304 1860 372 1922 in
422 1861 562 1923 suis
609 1860 899 1923 versibus
948 1858 1301 1923 exarandis,

1294 2019 1397 2083 VI.

482 2163 769 2246 Scriptor
805 2162 1235 2244 Phocylideae
1269 2167 1447 2227 estne
1473 2163 2002 2226 Alexandrinus?
2035 2162 2131 2224 Ita
2163 2162 2364 2224 sensit

300 2270 429 2352 jam
475 2269 719 2335 Bleeck
763 2271 947 2333 illum
1000 2294 1027 2327 ‹<
1054 2270 1568 2334 Alexandrinum
1599 2270 1911 2334 Iudaeum
1941 2296 1968 2328 »
2008 2268 2359 2353 appeUans3

304 2378 394 2441 ita
441 2386 508 2443 et
552 2378 859 2461 BernayS,
908 2379 1021 2460 qui
1065 2398 1178 2461 pro
1246 2383 1418 2441 certo
1482 2380 1703 2441 statuit
1749 2377 2160 2441 verisimilius
2223 2395 2362 2439 esse

304 2483 622 2548 Iudaeum
666 2485 735 2546 in
781 2485 1077 2567 Aegypto
1123 2484 1335 2567 potius
1369 2503 1561 2565 quam
1593 2483 1745 2546 alibi
1778 2503 1853 2547 eo
1887 2502 2092 2565 usque
2124 2482 2361 2545 audere

304 2594 606 2674 potuisse,
658 2597 728 2655 ut
772 2592 1154 2655 documenta
1193 2592 1271 2656 de
1302 2590 1659 2675 praeceptis
1685 2591 1919 2654 divinis
1952 2589 2363 2653 observandis

306 2699 617 2762 traderet:
667 2717 744 2761 ea
788 2698 856 2759 in
902 2698 1164 2780 regione
1212 2718 1339 2779 qua
1369 2698 1772 2781 potissimum
1803 2697 2119 2768 idolorum
2153 2696 2363 2759 cultus

309 2805 653 2888 expolitior
698 2824 920 2868 omnes
968 2805 1134 2868 vitae
1184 2824 1336 2867 usus
1381 2809 1761 2887 pervaserat,
1809 2809 1999 2886 atque
2030 2803 2361 2865 familiaris

307 2912 621 2992 quaedam
670 2912 1066 2975 consuetudo
1113 2913 1281 2974 inter
1323 2911 1596 2975 ludaeos
1643 2916 1707 2975 et
1761 2911 2115 2994 Aegyptios
2168 2911 2363 2972 inter-

307 3023 600 3099 cesserat,
649 3024 785 3081 tum
831 3018 1185 3082 Alexandri
1232 3018 1465 3100 Magni,
1516 3024 1649 3081 tum
1698 3018 2210 3081 Ptolomaeorum
2270 3016 2363 3078 fa-

308 3143 462 3189 vore
511 3130 575 3189 et
620 3127 994 3189 auctoritate
1041 3125 1273 3203 adiuta.

486 3233 914 3297 Alexandriae
963 3235 1137 3297 enim
1183 3233 1407 3297 Iudaei
1446 3234 1858 3297 multitudine
1892 3238 1956 3296 et
1987 3233 2360 3297 auctoritate

311 3339 613 3422 vigebant
651 3340 769 3403 sub
804 3341 1169 3404 Ptolomaeo
1202 3341 1439 3422 Sotere,
1474 3343 1584 3423 qui
1620 3342 1935 3405 coloniam
1978 3340 2363 3402 Iudaeorum

312 3445 681 3528 deduxerat,
730 3455 937 3529 atque,
986 3451 1058 3510 ut
1102 3449 1192 3510 ait
1236 3448 1603 3531 Wesseling
1647 3448 1766 3529 (De
1822 3447 2205 3510 Iudaeorum
2268 3466 2364 3508 ar-

314 3553 654 3617 chontibus
703 3593 785 3599 ——
833 3555 991 3617 Trai.
1046 3556 1214 3617 1738
1265 3574 1396 3636 cap.
1447 3557 1555 3636 3.0)
1603 3557 1785 3637 quasi
1819 3555 2142 3617 civitatem
2173 3555 2241 3615 in
2276 3554 2364 3616 ci-

314 3663 505 3726 vitate
554 3662 929 3744 efficienteS‚
976 3664 1247 3746 propriis
1292 3663 1560 3745 legibUS,
1610 3664 1973 3726 ethnarchis
2019 3668 2082 3725 et
2112 3663 2365 3745 temple,

316 3769 392 3831 ab
429 3772 765 3854 Aegyptiis
797 3771 1085 3854 separati,
1118 3771 1478 3833 utebantur.
1515 3772 1739 3855 Ioseph
1774 3773 2011 3853 (Antiq.
2044 3771 2181 3833 lud.
2215 3770 2364 3852 XII,

319 3878 373 3958 1,
420 3880 483 3960 3)
530 3878 609 3941 de
656 3879 1005 3942 Ptolomaei
1051 3878 1445 3961 benignitate
1495 3899 1645 3962 erga
1692 3879 1961 3943 Iudaeos
2007 3881 2073 3942 in
2107 3881 2366 3962 Aegyp-

316 3987 451 4049 tum
497 3986 821 4069 abductOS,
879 4006 1266 4069 quamquam
1323 3991 1512 4050 antea
1570 3987 1920 4052 Ierusalem
1985 3988 2129 4051 dolo
2185 3992 2368 4071 capta
