<?xml version="1.0" encoding="UTF-8"?>
<!DOCTYPE html PUBLIC "-//W3C//DTD XHTML 1.0 Transitional//EN"
    "http://www.w3.org/TR/xhtml1/DTD/xhtml1-transitional.dtd">
<html xmlns="http://www.w3.org/1999/xhtml" xml:lang="en" lang="en">
 <head>
  <title>
</title>
<meta http-equiv="Content-Type" content="text/html;charset=utf-8" />
  <meta name='ocr-system' content='tesseract 3.04.00' />
  <meta name='ocr-capabilities' content='ocr_page ocr_carea ocr_par ocr_line ocrx_word'/>
</head>
<body>
  <div class='ocr_page' id='page_1' title='image "./depseudophocyli00zanogoog_0044.png"; bbox 0 0 2961 4616; ppageno 0'>
   <div class='ocr_carea' id='block_1_1' title="bbox 616 264 2668 3144">
    <p class='ocr_par' dir='ltr' id='par_1_1' title="bbox 616 264 2668 671">
     <span class='ocr_line' id='line_1_1' title="bbox 1503 264 1781 318; baseline 0 -16"><span class='ocrx_word' id='word_1_1' title='bbox 1503 295 1570 302; x_wconf 71' lang='grc'>-</span> <span class='ocrx_word' id='word_1_2' title='bbox 1607 264 1677 318; x_wconf 77' lang='lat'>40</span> <span class='ocrx_word' id='word_1_3' title='bbox 1722 295 1781 302; x_wconf 74' lang='grc'>.-</span> 
     </span>
     <span class='ocr_line' id='line_1_2' title="bbox 618 371 2668 456; baseline 0 -22"><span class='ocrx_word' id='word_1_4' title='bbox 618 394 840 438; x_wconf 88' lang='lat' dir='ltr'>versus</span> <span class='ocrx_word' id='word_1_5' title='bbox 892 374 1110 455; x_wconf 83' lang='lat'>144-6,</span> <span class='ocrx_word' id='word_1_6' title='bbox 1158 377 1230 436; x_wconf 90' lang='lat' dir='ltr'>ut</span> <span class='ocrx_word' id='word_1_7' title='bbox 1275 392 1466 456; x_wconf 89' lang='lat' dir='ltr'>supra</span> <span class='ocrx_word' id='word_1_8' title='bbox 1513 373 1813 454; x_wconf 77' lang='lat' dir='ltr'>diximuS,</span> <span class='ocrx_word' id='word_1_9' title='bbox 1862 392 1897 436; x_wconf 92' lang='lat' dir='ltr'>e</span> <span class='ocrx_word' id='word_1_10' title='bbox 1930 372 2046 436; x_wconf 82' lang='lat' dir='ltr'>Sir.</span> <span class='ocrx_word' id='word_1_11' title='bbox 2093 371 2257 435; x_wconf 88' lang='lat' dir='ltr'>libro</span> <span class='ocrx_word' id='word_1_12' title='bbox 2305 371 2668 455; x_wconf 81' lang='lat' dir='ltr'>deprompti</span> 
     </span>
     <span class='ocr_line' id='line_1_3' title="bbox 616 482 1378 563; baseline -0.001 -19"><span class='ocrx_word' id='word_1_13' title='bbox 616 483 759 563; x_wconf 84' lang='lat' dir='ltr'>sint,</span> <span class='ocrx_word' id='word_1_14' title='bbox 810 502 896 545; x_wconf 88' lang='lat' dir='ltr'>vs.</span> <span class='ocrx_word' id='word_1_15' title='bbox 948 482 1075 543; x_wconf 83' lang='lat'>144</span> <span class='ocrx_word' id='word_1_16' title='bbox 1126 485 1378 544; x_wconf 86' lang='lat' dir='ltr'>tamen:</span> 
     </span>
     <span class='ocr_line' id='line_1_4' title="bbox 836 587 2441 671; baseline -0.001 -19"><span class='ocrx_word' id='word_1_17' title='bbox 836 589 904 662; x_wconf 77' lang='grc' dir='ltr'>ἐξ</span> <span class='ocrx_word' id='word_1_18' title='bbox 950 589 1162 670; x_wconf 86' lang='grc' dir='ltr'><strong><em>ὀλίγου</em></strong></span> <span class='ocrx_word' id='word_1_19' title='bbox 1209 587 1564 671; x_wconf 75' lang='grc' dir='ltr'><em>σπινθῆρος</em></span> <span class='ocrx_word' id='word_1_20' title='bbox 1609 588 1974 669; x_wconf 77' lang='grc' dir='ltr'><em>ἀθέσφατος</em></span> <span class='ocrx_word' id='word_1_21' title='bbox 2020 588 2261 651; x_wconf 76' lang='grc' dir='ltr'><strong><em>αἴθεται</em></strong></span> <span class='ocrx_word' id='word_1_22' title='bbox 2305 588 2441 670; x_wconf 80' lang='grc' dir='ltr'><strong><em>ὕλη.</em></strong></span> 
     </span>
    </p>

    <p class='ocr_par' dir='ltr' id='par_1_2' title="bbox 616 693 2664 993">
     <span class='ocr_line' id='line_1_5' title="bbox 623 693 2664 776; baseline -0.001 -18"><span class='ocrx_word' id='word_1_23' title='bbox 623 696 943 759; x_wconf 84' lang='lat' dir='ltr'><strong>conflatur</strong></span> <span class='ocrx_word' id='word_1_24' title='bbox 986 695 1210 758; x_wconf 91' lang='lat' dir='ltr'>iisdem</span> <span class='ocrx_word' id='word_1_25' title='bbox 1260 693 1396 757; x_wconf 85' lang='lat' dir='ltr'>fere</span> <span class='ocrx_word' id='word_1_26' title='bbox 1430 694 1642 758; x_wconf 88' lang='lat' dir='ltr'>verbis</span> <span class='ocrx_word' id='word_1_27' title='bbox 1676 693 1911 776; x_wconf 91' lang='lat' dir='ltr'>quibus</span> <span class='ocrx_word' id='word_1_28' title='bbox 1942 694 2259 756; x_wconf 82' lang='lat' dir='ltr'>Pindarus</span> <span class='ocrx_word' id='word_1_29' title='bbox 2303 693 2515 775; x_wconf 79' lang='lat' dir='ltr'>(Pyth.</span> <span class='ocrx_word' id='word_1_30' title='bbox 2548 694 2664 775; x_wconf 90' lang='grc' dir='ltr'>ΙΙΙ,</span> 
     </span>
     <span class='ocr_line' id='line_1_6' title="bbox 619 800 2662 886; baseline -0.001 -19"><span class='ocrx_word' id='word_1_31' title='bbox 619 807 725 879; x_wconf 85' lang='grc'>35)</span> <span class='ocrx_word' id='word_1_32' title='bbox 754 826 766 867; x_wconf 91' lang='lat'>:</span> <span class='ocrx_word' id='word_1_33' title='bbox 795 843 879 850; x_wconf 89' lang='lat'>—</span> <span class='ocrx_word' id='word_1_34' title='bbox 906 804 1015 868; x_wconf 85' lang='grc' dir='ltr'>καὶ</span> <span class='ocrx_word' id='word_1_35' title='bbox 1039 802 1334 886; x_wconf 86' lang='grc' dir='ltr'><strong><em>γειτόνων</em></strong></span> <span class='ocrx_word' id='word_1_36' title='bbox 1366 802 1587 867; x_wconf 81' lang='grc' dir='ltr'><strong><em>πολλοὶ</em></strong></span> <span class='ocrx_word' id='word_1_37' title='bbox 1617 803 1917 885; x_wconf 77' lang='grc' dir='ltr'><strong><em>ἐπαῦρον,</em></strong></span> <span class='ocrx_word' id='word_1_38' title='bbox 1942 802 2077 884; x_wconf 84' lang='grc' dir='ltr'>ἁμᾶ</span> <span class='ocrx_word' id='word_1_39' title='bbox 2101 800 2153 864; x_wconf 77' lang='grc' dir='ltr'>ὀ’</span> <span class='ocrx_word' id='word_1_40' title='bbox 2180 802 2485 884; x_wconf 82' lang='grc' dir='ltr'><strong><em>ἔφθαρεν,</em></strong></span> <span class='ocrx_word' id='word_1_41' title='bbox 2510 801 2662 865; x_wconf 86' lang='grc' dir='ltr'><strong><em>πολ-</em></strong></span> 
     </span>
     <span class='ocr_line' id='line_1_7' title="bbox 616 907 2661 993; baseline -0.002 -17"><span class='ocrx_word' id='word_1_42' title='bbox 616 912 732 976; x_wconf 85' lang='grc' dir='ltr'><strong><em>λάν</em></strong></span> <span class='ocrx_word' id='word_1_43' title='bbox 779 911 978 993; x_wconf 77' lang='grc' dir='ltr'><strong><em>δ’ὄρει</em></strong></span> <span class='ocrx_word' id='word_1_44' title='bbox 1022 917 1153 992; x_wconf 85' lang='grc' dir='ltr'>πῦρ</span> <span class='ocrx_word' id='word_1_45' title='bbox 1184 911 1254 984; x_wconf 76' lang='grc' dir='ltr'>ἐξ</span> <span class='ocrx_word' id='word_1_46' title='bbox 1284 909 1425 981; x_wconf 83' lang='grc' dir='ltr'><strong><em>ἑνὸς</em></strong></span> <span class='ocrx_word' id='word_1_47' title='bbox 1456 910 1818 993; x_wconf 86' lang='grc' dir='ltr'><strong><em>σπέρματος</em></strong></span> <span class='ocrx_word' id='word_1_48' title='bbox 1848 908 2124 991; x_wconf 76' lang='grc' dir='ltr'><strong><em>ἐνθορὸν</em></strong></span> <span class='ocrx_word' id='word_1_49' title='bbox 2156 907 2457 972; x_wconf 84' lang='grc' dir='ltr'><strong><em>ἀΐστωσεν</em></strong></span> <span class='ocrx_word' id='word_1_50' title='bbox 2501 909 2661 972; x_wconf 83' lang='grc' dir='ltr'><strong><em>ὕλαν</em></strong></span> 
     </span>
    </p>

    <p class='ocr_par' dir='ltr' id='par_1_3' title="bbox 796 1019 1293 1083">
     <span class='ocr_line' id='line_1_8' title="bbox 796 1019 1293 1083; baseline 0 -3"><span class='ocrx_word' id='word_1_51' title='bbox 796 1019 1074 1083; x_wconf 80' lang='lat' dir='ltr'><strong>Versum</strong></span> <span class='ocrx_word' id='word_1_52' title='bbox 1127 1019 1293 1081; x_wconf 82' lang='lat'>162:</span> 
     </span>
    </p>

    <p class='ocr_par' dir='ltr' id='par_1_4' title="bbox 620 1123 2667 3144">
     <span class='ocr_line' id='line_1_9' title="bbox 751 1123 2522 1208; baseline -0.001 -19"><span class='ocrx_word' id='word_1_53' title='bbox 751 1126 902 1190; x_wconf 80' lang='grc' dir='ltr'>οὗόὲ</span> <span class='ocrx_word' id='word_1_54' title='bbox 947 1127 1096 1189; x_wconf 85' lang='grc' dir='ltr'><strong><em>ἄνευ</em></strong></span> <span class='ocrx_word' id='word_1_55' title='bbox 1142 1125 1433 1208; x_wconf 85' lang='grc' dir='ltr'><strong><em>καμάτου</em></strong></span> <span class='ocrx_word' id='word_1_56' title='bbox 1478 1124 1648 1188; x_wconf 85' lang='grc' dir='ltr'><em>πέλει</em></span> <span class='ocrx_word' id='word_1_57' title='bbox 1693 1124 1997 1207; x_wconf 78' lang='grc' dir='ltr'><strong><em>ἀνδράσιν</em></strong></span> <span class='ocrx_word' id='word_1_58' title='bbox 2041 1123 2288 1194; x_wconf 79' lang='grc' dir='ltr'><strong><em>εὐπετὲς</em></strong></span> <span class='ocrx_word' id='word_1_59' title='bbox 2332 1126 2522 1206; x_wconf 85' lang='grc' dir='ltr'><strong><em>ἔργον</em></strong></span> 
     </span>
     <span class='ocr_line' id='line_1_10' title="bbox 620 1234 2664 1317; baseline -0.001 -19"><span class='ocrx_word' id='word_1_60' title='bbox 620 1234 959 1298; x_wconf 80' lang='lat' dir='ltr'>scholiasta</span> <span class='ocrx_word' id='word_1_61' title='bbox 1003 1235 1444 1317; x_wconf 79' lang='lat' dir='ltr'>Hermogenes</span> <span class='ocrx_word' id='word_1_62' title='bbox 1490 1234 1693 1315; x_wconf 88' lang='lat' dir='ltr'>(Rhet.</span> <span class='ocrx_word' id='word_1_63' title='bbox 1739 1234 1803 1296; x_wconf 84' lang='grc' dir='ltr'>Τ.</span> <span class='ocrx_word' id='word_1_64' title='bbox 1850 1234 1927 1296; x_wconf 88' lang='lat' dir='ltr'>V.</span> <span class='ocrx_word' id='word_1_65' title='bbox 1974 1234 2127 1314; x_wconf 82' lang='lat'>441)</span> <span class='ocrx_word' id='word_1_66' title='bbox 2159 1237 2484 1316; x_wconf 89' lang='lat' dir='ltr'>tamquam</span> <span class='ocrx_word' id='word_1_67' title='bbox 2528 1253 2664 1296; x_wconf 88' lang='lat' dir='ltr'>ora-</span> 
     </span>
     <span class='ocr_line' id='line_1_11' title="bbox 625 1341 2667 1424; baseline -0.001 -18"><span class='ocrx_word' id='word_1_68' title='bbox 625 1342 756 1406; x_wconf 83' lang='lat' dir='ltr'>culi</span> <span class='ocrx_word' id='word_1_69' title='bbox 802 1343 1120 1424; x_wconf 87' lang='lat' dir='ltr'>Apollinis</span> <span class='ocrx_word' id='word_1_70' title='bbox 1166 1342 1403 1405; x_wconf 88' lang='lat' dir='ltr'>Milesii</span> <span class='ocrx_word' id='word_1_71' title='bbox 1446 1341 1793 1405; x_wconf 89' lang='lat' dir='ltr'>dictionem</span> <span class='ocrx_word' id='word_1_72' title='bbox 1833 1342 2023 1405; x_wconf 80' lang='lat' dir='ltr'>affert</span> <span class='ocrx_word' id='word_1_73' title='bbox 2059 1342 2118 1422; x_wconf 81' lang='grc'>2),</span> <span class='ocrx_word' id='word_1_74' title='bbox 2153 1341 2454 1423; x_wconf 87' lang='lat' dir='ltr'>quocirca</span> <span class='ocrx_word' id='word_1_75' title='bbox 2482 1346 2667 1424; x_wconf 71' lang='lat' dir='ltr'>poeta</span> 
     </span>
     <span class='ocr_line' id='line_1_12' title="bbox 622 1448 2665 1531; baseline 0 -20"><span class='ocrx_word' id='word_1_76' title='bbox 622 1455 830 1512; x_wconf 87' lang='lat' dir='ltr'>motus</span> <span class='ocrx_word' id='word_1_77' title='bbox 878 1454 988 1531; x_wconf 83' lang='lat' dir='ltr'>est,</span> <span class='ocrx_word' id='word_1_78' title='bbox 1030 1455 1102 1512; x_wconf 89' lang='lat' dir='ltr'>ut</span> <span class='ocrx_word' id='word_1_79' title='bbox 1147 1450 1338 1513; x_wconf 88' lang='lat' dir='ltr'>etiam</span> <span class='ocrx_word' id='word_1_80' title='bbox 1369 1469 1628 1513; x_wconf 81' lang='lat' dir='ltr'>versum</span> <span class='ocrx_word' id='word_1_81' title='bbox 1663 1451 1786 1512; x_wconf 86' lang='lat'>163</span> <span class='ocrx_word' id='word_1_82' title='bbox 1823 1453 2230 1513; x_wconf 82' lang='lat' dir='ltr'>annecteret:</span> <span class='ocrx_word' id='word_1_83' title='bbox 2281 1448 2417 1511; x_wconf 64' lang='grc' dir='ltr'>οῦδ</span> <span class='ocrx_word' id='word_1_84' title='bbox 2456 1449 2665 1518; x_wconf 79' lang='grc' dir='ltr'><strong><em>αὐτοῖς</em></strong></span> 
     </span>
     <span class='ocr_line' id='line_1_13' title="bbox 628 1556 2664 1641; baseline -0.001 -21"><span class='ocrx_word' id='word_1_85' title='bbox 628 1559 982 1641; x_wconf 84' lang='grc' dir='ltr'><strong><em>μακάρεσσι</em></strong></span> <span class='ocrx_word' id='word_1_86' title='bbox 1040 1579 1052 1591; x_wconf 88' lang='grc'><em>·</em></span> <span class='ocrx_word' id='word_1_87' title='bbox 1098 1559 1299 1629; x_wconf 86' lang='grc' dir='ltr'><strong><em>πόνος</em></strong></span> <span class='ocrx_word' id='word_1_88' title='bbox 1346 1557 1634 1640; x_wconf 80' lang='grc' dir='ltr'><strong><em>δ’ἀρετὴν</em></strong></span> <span class='ocrx_word' id='word_1_89' title='bbox 1676 1556 1810 1640; x_wconf 81' lang='grc' dir='ltr'><strong><em>μέγ’</em></strong></span> <span class='ocrx_word' id='word_1_90' title='bbox 1872 1557 2132 1640; x_wconf 84' lang='grc' dir='ltr'><strong><em>ὀφέλλει,</em></strong></span> <span class='ocrx_word' id='word_1_91' title='bbox 2180 1576 2459 1639; x_wconf 84' lang='lat' dir='ltr'>quocum</span> <span class='ocrx_word' id='word_1_92' title='bbox 2505 1556 2664 1618; x_wconf 78' lang='lat' dir='ltr'>illud</span> 
     </span>
     <span class='ocr_line' id='line_1_14' title="bbox 621 1664 2662 1748; baseline -0.001 -19"><span class='ocrx_word' id='word_1_93' title='bbox 621 1665 1084 1730; x_wconf 83' lang='lat' dir='ltr'>conferendum</span> <span class='ocrx_word' id='word_1_94' title='bbox 1112 1665 1598 1730; x_wconf 87' lang='lat' dir='ltr'>celeberrimum</span> <span class='ocrx_word' id='word_1_95' title='bbox 1620 1664 1916 1729; x_wconf 88' lang='lat' dir='ltr'>Hesiodi:</span> <span class='ocrx_word' id='word_1_96' title='bbox 1946 1703 2028 1710; x_wconf 90' lang='lat'>—-</span> <span class='ocrx_word' id='word_1_97' title='bbox 2054 1671 2162 1748; x_wconf 89' lang='grc' dir='ltr'><strong><em>τῆς</em></strong></span> <span class='ocrx_word' id='word_1_98' title='bbox 2181 1665 2403 1747; x_wconf 84' lang='grc' dir='ltr'><strong><em>ἀρετῆς</em></strong></span> <span class='ocrx_word' id='word_1_99' title='bbox 2427 1664 2662 1745; x_wconf 82' lang='grc' dir='ltr'><strong><em>ἱδρῶτα</em></strong></span> 
     </span>
     <span class='ocr_line' id='line_1_15' title="bbox 625 1773 2664 1858; baseline -0.002 -19"><span class='ocrx_word' id='word_1_100' title='bbox 625 1775 768 1839; x_wconf 83' lang='grc' dir='ltr'><strong><em>θεοὶ</em></strong></span> <span class='ocrx_word' id='word_1_101' title='bbox 796 1776 1242 1857; x_wconf 76' lang='grc' dir='ltr'><strong><em>προπάροιθεν</em></strong></span> <span class='ocrx_word' id='word_1_102' title='bbox 1272 1776 1521 1858; x_wconf 83' lang='grc' dir='ltr'><strong><em>ἔθηκαν</em></strong></span> <span class='ocrx_word' id='word_1_103' title='bbox 1550 1774 1857 1838; x_wconf 84' lang='grc' dir='ltr'><strong><em>ἀθάνατοι</em></strong></span> <span class='ocrx_word' id='word_1_104' title='bbox 1882 1796 1986 1853; x_wconf 80' lang='grc'>-;</span> <span class='ocrx_word' id='word_1_105' title='bbox 2015 1779 2078 1838; x_wconf 86' lang='lat' dir='ltr'>et</span> <span class='ocrx_word' id='word_1_106' title='bbox 2108 1773 2269 1836; x_wconf 80' lang='lat' dir='ltr'>illud</span> <span class='ocrx_word' id='word_1_107' title='bbox 2298 1773 2664 1856; x_wconf 83' lang='lat' dir='ltr'>Epicharmi</span> 
     </span>
     <span class='ocr_line' id='line_1_16' title="bbox 624 1879 2666 1966; baseline -0.001 -21"><span class='ocrx_word' id='word_1_108' title='bbox 624 1882 793 1965; x_wconf 88' lang='lat' dir='ltr'>apud</span> <span class='ocrx_word' id='word_1_109' title='bbox 838 1882 1337 1966; x_wconf 90' lang='lat' dir='ltr'>Xenophontem</span> <span class='ocrx_word' id='word_1_110' title='bbox 1398 1882 1609 1964; x_wconf 92' lang='lat' dir='ltr'>(Mem.</span> <span class='ocrx_word' id='word_1_111' title='bbox 1671 1881 1753 1963; x_wconf 87' lang='grc' dir='ltr'>ΙΙ,</span> <span class='ocrx_word' id='word_1_112' title='bbox 1821 1882 1876 1963; x_wconf 88' lang='grc'>1,</span> <span class='ocrx_word' id='word_1_113' title='bbox 1943 1881 2066 1962; x_wconf 81' lang='grc'>20),</span> <span class='ocrx_word' id='word_1_114' title='bbox 2132 1918 2215 1925; x_wconf 88' lang='grc'>-</span> <span class='ocrx_word' id='word_1_115' title='bbox 2271 1885 2400 1943; x_wconf 87' lang='grc' dir='ltr'>τῶν</span> <span class='ocrx_word' id='word_1_116' title='bbox 2443 1879 2666 1943; x_wconf 84' lang='grc' dir='ltr'><strong><em>πόνων</em></strong></span> 
     </span>
     <span class='ocr_line' id='line_1_17' title="bbox 623 1987 2665 2071; baseline -0.002 -18"><span class='ocrx_word' id='word_1_117' title='bbox 623 1990 963 2061; x_wconf 83' lang='grc' dir='ltr'><strong><em>πολοῦντες</em></strong></span> <span class='ocrx_word' id='word_1_118' title='bbox 1006 1990 1208 2053; x_wconf 89' lang='grc' dir='ltr'><strong><em>πάντα</em></strong></span> <span class='ocrx_word' id='word_1_119' title='bbox 1254 1990 1482 2071; x_wconf 81' lang='grc' dir='ltr'><strong><em>τάγαθ’</em></strong></span> <span class='ocrx_word' id='word_1_120' title='bbox 1518 1989 1667 2070; x_wconf 82' lang='grc' dir='ltr'><strong><em>ἁμὶν</em></strong></span> <span class='ocrx_word' id='word_1_121' title='bbox 1696 1989 1790 2052; x_wconf 87' lang='grc' dir='ltr'><strong><em>τοὶ</em></strong></span> <span class='ocrx_word' id='word_1_122' title='bbox 1833 1988 1977 2052; x_wconf 86' lang='grc' dir='ltr'><strong><em>θεοὶ</em></strong></span> <span class='ocrx_word' id='word_1_123' title='bbox 2008 2026 2109 2051; x_wconf 89' lang='grc'>-.</span> <span class='ocrx_word' id='word_1_124' title='bbox 2157 1988 2512 2051; x_wconf 84' lang='lat' dir='ltr'>Locutione</span> <span class='ocrx_word' id='word_1_125' title='bbox 2561 1987 2665 2050; x_wconf 81' lang='lat' dir='ltr'>illa</span> 
     </span>
     <span class='ocr_line' id='line_1_18' title="bbox 621 2094 2665 2180; baseline -0.002 -20"><span class='ocrx_word' id='word_1_126' title='bbox 621 2097 912 2180; x_wconf 84' lang='grc' dir='ltr'><strong><em>μάκαρες</em></strong></span> <span class='ocrx_word' id='word_1_127' title='bbox 958 2115 1179 2159; x_wconf 84' lang='lat' dir='ltr'>versus</span> <span class='ocrx_word' id='word_1_128' title='bbox 1230 2097 1353 2159; x_wconf 79' lang='lat'>163</span> <span class='ocrx_word' id='word_1_129' title='bbox 1403 2094 2036 2178; x_wconf 83' lang='lat' dir='ltr'>Pseudophocylides</span> <span class='ocrx_word' id='word_1_130' title='bbox 2079 2094 2532 2176; x_wconf 83' lang='lat' dir='ltr'>adsignificare</span> <span class='ocrx_word' id='word_1_131' title='bbox 2563 2114 2665 2157; x_wconf 93' lang='lat' dir='ltr'>co-</span> 
     </span>
     <span class='ocr_line' id='line_1_19' title="bbox 623 2202 2664 2286; baseline -0.001 -20"><span class='ocrx_word' id='word_1_132' title='bbox 623 2208 812 2266; x_wconf 87' lang='lat' dir='ltr'>natus</span> <span class='ocrx_word' id='word_1_133' title='bbox 854 2208 969 2284; x_wconf 78' lang='lat' dir='ltr'>est,</span> <span class='ocrx_word' id='word_1_134' title='bbox 1017 2208 1090 2266; x_wconf 86' lang='lat' dir='ltr'>ut</span> <span class='ocrx_word' id='word_1_135' title='bbox 1136 2205 1371 2286; x_wconf 86' lang='lat' dir='ltr'>optime</span> <span class='ocrx_word' id='word_1_136' title='bbox 1401 2202 1693 2284; x_wconf 84' lang='lat' dir='ltr'>Bernays</span> <span class='ocrx_word' id='word_1_137' title='bbox 1723 2202 2186 2284; x_wconf 80' lang='lat' dir='ltr'>animadvertit,</span> <span class='ocrx_word' id='word_1_138' title='bbox 2232 2202 2527 2284; x_wconf 84' lang='lat' dir='ltr'>ingentes</span> <span class='ocrx_word' id='word_1_139' title='bbox 2557 2221 2664 2263; x_wconf 90' lang='lat' dir='ltr'>na-</span> 
     </span>
     <span class='ocr_line' id='line_1_20' title="bbox 624 2310 2665 2397; baseline -0.001 -22"><span class='ocrx_word' id='word_1_140' title='bbox 624 2317 802 2376; x_wconf 84' lang='lat' dir='ltr'>turae</span> <span class='ocrx_word' id='word_1_141' title='bbox 852 2314 1035 2393; x_wconf 84' lang='lat' dir='ltr'>vireS‚</span> <span class='ocrx_word' id='word_1_142' title='bbox 1085 2332 1242 2394; x_wconf 91' lang='lat' dir='ltr'>quas</span> <span class='ocrx_word' id='word_1_143' title='bbox 1289 2312 1491 2375; x_wconf 89' lang='lat' dir='ltr'>veluti</span> <span class='ocrx_word' id='word_1_144' title='bbox 1536 2316 1829 2397; x_wconf 87' lang='lat' dir='ltr'>actuosos</span> <span class='ocrx_word' id='word_1_145' title='bbox 1859 2310 1978 2374; x_wconf 90' lang='lat' dir='ltr'>Dei</span> <span class='ocrx_word' id='word_1_146' title='bbox 2011 2312 2336 2380; x_wconf 85' lang='lat' dir='ltr'>ministros</span> <span class='ocrx_word' id='word_1_147' title='bbox 2383 2310 2487 2373; x_wconf 83' lang='lat' dir='ltr'>vel</span> <span class='ocrx_word' id='word_1_148' title='bbox 2520 2329 2665 2393; x_wconf 92' lang='lat' dir='ltr'>ope-</span> 
     </span>
     <span class='ocr_line' id='line_1_21' title="bbox 624 2417 2661 2503; baseline -0.001 -21"><span class='ocrx_word' id='word_1_149' title='bbox 624 2421 822 2482; x_wconf 88' lang='lat' dir='ltr'>rarios</span> <span class='ocrx_word' id='word_1_150' title='bbox 855 2420 1126 2503; x_wconf 82' lang='lat' dir='ltr'>effingit,</span> <span class='ocrx_word' id='word_1_151' title='bbox 1176 2421 1361 2482; x_wconf 88' lang='lat' dir='ltr'>cuius</span> <span class='ocrx_word' id='word_1_152' title='bbox 1392 2420 1706 2482; x_wconf 87' lang='lat' dir='ltr'>voluntati</span> <span class='ocrx_word' id='word_1_153' title='bbox 1738 2419 2218 2501; x_wconf 74' lang='lat' dir='ltr'>obsequuntur:</span> <span class='ocrx_word' id='word_1_154' title='bbox 2252 2417 2449 2500; x_wconf 87' lang='lat' dir='ltr'>idque</span> <span class='ocrx_word' id='word_1_155' title='bbox 2479 2419 2661 2498; x_wconf 79' lang='lat' dir='ltr'>juxta</span> 
     </span>
     <span class='ocr_line' id='line_1_22' title="bbox 624 2524 2662 2607; baseline 0 -19"><span class='ocrx_word' id='word_1_156' title='bbox 624 2526 852 2604; x_wconf 83' lang='lat' dir='ltr'>Psalm.</span> <span class='ocrx_word' id='word_1_157' title='bbox 908 2527 1051 2606; x_wconf 80' lang='lat'>104,</span> <span class='ocrx_word' id='word_1_158' title='bbox 1099 2527 1174 2588; x_wconf 84' lang='lat'>4:</span> <span class='ocrx_word' id='word_1_159' title='bbox 1226 2564 1309 2570; x_wconf 86' lang='lat'>—</span> <span class='ocrx_word' id='word_1_160' title='bbox 1357 2525 1396 2589; x_wconf 86' lang='grc' dir='ltr'><strong><em>ὅ</em></strong></span> <span class='ocrx_word' id='word_1_161' title='bbox 1438 2529 1803 2607; x_wconf 85' lang='grc' dir='ltr'><strong><em>περιπατῶν</em></strong></span> <span class='ocrx_word' id='word_1_162' title='bbox 1864 2525 1963 2588; x_wconf 77' lang='grc' dir='ltr'>ἐπὶ</span> <span class='ocrx_word' id='word_1_163' title='bbox 2019 2524 2291 2607; x_wconf 84' lang='grc' dir='ltr'><strong><em>ἀνέμων,</em></strong></span> <span class='ocrx_word' id='word_1_164' title='bbox 2356 2524 2395 2587; x_wconf 82' lang='grc' dir='ltr'><em>ὅ</em></span> <span class='ocrx_word' id='word_1_165' title='bbox 2458 2530 2662 2588; x_wconf 87' lang='grc' dir='ltr'><strong><em>ποιῶν</em></strong></span> 
     </span>
     <span class='ocr_line' id='line_1_23' title="bbox 623 2631 2663 2713; baseline -0.001 -18"><span class='ocrx_word' id='word_1_166' title='bbox 623 2632 768 2702; x_wconf 87' lang='grc' dir='ltr'><strong><em>τοὺς</em></strong></span> <span class='ocrx_word' id='word_1_167' title='bbox 814 2632 1116 2713; x_wconf 83' lang='grc' dir='ltr'><strong><em>ἀγγέλους</em></strong></span> <span class='ocrx_word' id='word_1_168' title='bbox 1162 2633 1356 2695; x_wconf 81' lang='grc' dir='ltr'><strong><em>αὐτοῦ</em></strong></span> <span class='ocrx_word' id='word_1_169' title='bbox 1401 2631 1728 2712; x_wconf 87' lang='grc' dir='ltr'><strong><em>πνεύματα</em></strong></span> <span class='ocrx_word' id='word_1_170' title='bbox 1784 2656 1843 2695; x_wconf 94' lang='grc' dir='ltr'>κ.</span> <span class='ocrx_word' id='word_1_171' title='bbox 1902 2656 1949 2694; x_wconf 88' lang='grc' dir='ltr'><strong><em>τ.</em></strong></span> <span class='ocrx_word' id='word_1_172' title='bbox 2013 2631 2063 2694; x_wconf 93' lang='grc' dir='ltr'><strong><em>λ.</em></strong></span> <span class='ocrx_word' id='word_1_173' title='bbox 2114 2631 2297 2707; x_wconf 80' lang='lat' dir='ltr'>Quod</span> <span class='ocrx_word' id='word_1_174' title='bbox 2346 2632 2538 2694; x_wconf 79' lang='lat' dir='ltr'>etiam</span> <span class='ocrx_word' id='word_1_175' title='bbox 2598 2632 2663 2693; x_wconf 92' lang='lat' dir='ltr'>in</span> 
     </span>
     <span class='ocr_line' id='line_1_24' title="bbox 624 2739 2664 2821; baseline 0.001 -22"><span class='ocrx_word' id='word_1_176' title='bbox 624 2760 744 2802; x_wconf 80' lang='lat' dir='ltr'>vsS.</span> <span class='ocrx_word' id='word_1_177' title='bbox 796 2743 951 2804; x_wconf 53' lang='lat'>7043</span> <span class='ocrx_word' id='word_1_178' title='bbox 1002 2741 1260 2804; x_wconf 87' lang='lat' dir='ltr'>evenire</span> <span class='ocrx_word' id='word_1_179' title='bbox 1309 2740 1614 2803; x_wconf 87' lang='lat' dir='ltr'>credibile</span> <span class='ocrx_word' id='word_1_180' title='bbox 1663 2744 1773 2821; x_wconf 86' lang='lat' dir='ltr'>est,</span> <span class='ocrx_word' id='word_1_181' title='bbox 1821 2739 1935 2802; x_wconf 89' lang='lat' dir='ltr'>ubi</span> <span class='ocrx_word' id='word_1_182' title='bbox 1978 2739 2149 2817; x_wconf 76' lang='lat' dir='ltr'>lima,</span> <span class='ocrx_word' id='word_1_183' title='bbox 2198 2739 2466 2820; x_wconf 83' lang='lat' dir='ltr'>coelum,</span> <span class='ocrx_word' id='word_1_184' title='bbox 2502 2743 2664 2802; x_wconf 89' lang='lat' dir='ltr'>terra</span> 
     </span>
     <span class='ocr_line' id='line_1_25' title="bbox 624 2846 2654 2929; baseline -0 -20"><span class='ocrx_word' id='word_1_185' title='bbox 624 2849 839 2927; x_wconf 81' lang='lat' dir='ltr'>maria,</span> <span class='ocrx_word' id='word_1_186' title='bbox 885 2848 1158 2910; x_wconf 85' lang='lat' dir='ltr'>flumina</span> <span class='ocrx_word' id='word_1_187' title='bbox 1212 2872 1241 2904; x_wconf 87' lang='lat'>«</span> <span class='ocrx_word' id='word_1_188' title='bbox 1274 2847 1604 2928; x_wconf 77' lang='grc' dir='ltr'><strong><em>οὐρανίδαι</em></strong></span> <span class='ocrx_word' id='word_1_189' title='bbox 1635 2873 1663 2904; x_wconf 86' lang='grc'>&gt;&gt;</span> <span class='ocrx_word' id='word_1_190' title='bbox 1736 2853 1800 2910; x_wconf 90' lang='lat' dir='ltr'>et</span> <span class='ocrx_word' id='word_1_191' title='bbox 1862 2872 1890 2904; x_wconf 90' lang='lat'>«</span> <span class='ocrx_word' id='word_1_192' title='bbox 1919 2847 2208 2929; x_wconf 81' lang='grc' dir='ltr'><strong><em>μάκαρες</em></strong></span> <span class='ocrx_word' id='word_1_193' title='bbox 2238 2872 2266 2904; x_wconf 85' lang='grc'>&gt;&gt;</span> <span class='ocrx_word' id='word_1_194' title='bbox 2337 2846 2654 2910; x_wconf 84' lang='lat' dir='ltr'>dicuntur.</span> 
     </span>
     <span class='ocr_line' id='line_1_26' title="bbox 624 2948 2660 3036; baseline 0 -21"><span class='ocrx_word' id='word_1_195' title='bbox 624 2953 903 3036; x_wconf 86' lang='lat' dir='ltr'>Olympii</span> <span class='ocrx_word' id='word_1_196' title='bbox 954 2955 1127 3016; x_wconf 90' lang='lat' dir='ltr'>enim</span> <span class='ocrx_word' id='word_1_197' title='bbox 1174 2959 1391 3017; x_wconf 89' lang='lat' dir='ltr'>contra</span> <span class='ocrx_word' id='word_1_198' title='bbox 1446 2979 1473 3012; x_wconf 90' lang='lat'>«</span> <span class='ocrx_word' id='word_1_199' title='bbox 1508 2954 1609 3035; x_wconf 82' lang='grc' dir='ltr'>ῥεῖ</span> <span class='ocrx_word' id='word_1_200' title='bbox 1647 2953 1917 3027; x_wconf 82' lang='grc' dir='ltr'><strong><em>ζώοντες</em></strong></span> <span class='ocrx_word' id='word_1_201' title='bbox 1947 2979 1975 3011; x_wconf 86' lang='grc'>&gt;&gt;</span> <span class='ocrx_word' id='word_1_202' title='bbox 2030 2953 2202 3016; x_wconf 88' lang='lat' dir='ltr'>curis</span> <span class='ocrx_word' id='word_1_203' title='bbox 2258 2948 2660 3035; x_wconf 87' lang='lat' dir='ltr'>negotiisque</span> 
     </span>
     <span class='ocr_line' id='line_1_27' title="bbox 626 3061 1153 3144; baseline 0 -21"><span class='ocrx_word' id='word_1_204' title='bbox 626 3061 849 3143; x_wconf 87' lang='lat' dir='ltr'>procul</span> <span class='ocrx_word' id='word_1_205' title='bbox 898 3061 1153 3144; x_wconf 89' lang='lat' dir='ltr'>degunt.</span> 
     </span>
    </p>
   </div>
   <div class='ocr_carea' id='block_1_2' title="bbox 634 3190 900 3196">
    <p class='ocr_par' dir='ltr' id='par_1_5' title="bbox 634 3190 900 3196">
     <span class='ocr_line' id='line_1_28' title="bbox 634 3190 900 3196; baseline 0 0"><span class='ocrx_word' id='word_1_206' title='bbox 634 3190 900 3196; x_wconf 95' lang='lat' dir='ltr'> </span> 
     </span>
    </p>
   </div>
   <div class='ocr_carea' id='block_1_3' title="bbox 629 3222 2667 3825">
    <p class='ocr_par' dir='ltr' id='par_1_6' title="bbox 629 3222 2667 3650">
     <span class='ocr_line' id='line_1_29' title="bbox 630 3222 2657 3291; baseline 0 -17"><span class='ocrx_word' id='word_1_207' title='bbox 630 3223 892 3290; x_wconf 82' lang='grc' dir='ltr'><strong><em>ὀξυβελεῖς</em></strong></span> <span class='ocrx_word' id='word_1_208' title='bbox 928 3232 1098 3290; x_wconf 85' lang='grc' dir='ltr'><strong><em>χαῖται</em></strong></span> <span class='ocrx_word' id='word_1_209' title='bbox 1136 3222 1319 3281; x_wconf 87' lang='grc' dir='ltr'><strong><em>νώτοις</em></strong></span> <span class='ocrx_word' id='word_1_210' title='bbox 1345 3222 1429 3275; x_wconf 84' lang='grc' dir='ltr'>ἔπι</span> <span class='ocrx_word' id='word_1_211' title='bbox 1454 3224 1757 3290; x_wconf 83' lang='grc' dir='ltr'><strong><em>πεφρίκασι,</em></strong></span> <span class='ocrx_word' id='word_1_212' title='bbox 1785 3223 1875 3276; x_wconf 82' lang='grc' dir='ltr'>καὶ</span> <span class='ocrx_word' id='word_1_213' title='bbox 1901 3222 2237 3291; x_wconf 82' lang='grc' dir='ltr'><strong><em>ὖποδέδεχται</em></strong></span> <span class='ocrx_word' id='word_1_214' title='bbox 2263 3222 2354 3275; x_wconf 82' lang='grc' dir='ltr'>καὶ</span> <span class='ocrx_word' id='word_1_215' title='bbox 2381 3223 2657 3290; x_wconf 80' lang='grc' dir='ltr'><strong><em>ἠμφίεσται</em></strong></span> 
     </span>
     <span class='ocr_line' id='line_1_30' title="bbox 637 3311 2662 3380; baseline -0.001 -15"><span class='ocrx_word' id='word_1_216' title='bbox 637 3313 812 3380; x_wconf 81' lang='grc' dir='ltr'><strong><em>φολίσι</em></strong></span> <span class='ocrx_word' id='word_1_217' title='bbox 849 3312 941 3365; x_wconf 87' lang='grc' dir='ltr'>καὶ</span> <span class='ocrx_word' id='word_1_218' title='bbox 977 3312 1205 3379; x_wconf 78' lang='grc' dir='ltr'><strong><em>λάχναις,</em></strong></span> <span class='ocrx_word' id='word_1_219' title='bbox 1255 3312 1346 3365; x_wconf 87' lang='grc' dir='ltr'>καὶ</span> <span class='ocrx_word' id='word_1_220' title='bbox 1391 3312 1576 3380; x_wconf 86' lang='grc' dir='ltr'><strong><em>χηλαῖς</em></strong></span> <span class='ocrx_word' id='word_1_221' title='bbox 1630 3313 1720 3366; x_wconf 84' lang='grc' dir='ltr'>καὶ</span> <span class='ocrx_word' id='word_1_222' title='bbox 1770 3313 1948 3371; x_wconf 87' lang='grc' dir='ltr'><strong><em>ὁπλαῖς</em></strong></span> <span class='ocrx_word' id='word_1_223' title='bbox 1998 3312 2310 3379; x_wconf 84' lang='grc' dir='ltr'><strong><em>ἀποκρότοις</em></strong></span> <span class='ocrx_word' id='word_1_224' title='bbox 2348 3343 2371 3352; x_wconf 89' lang='lat'><strong>·</strong></span> <span class='ocrx_word' id='word_1_225' title='bbox 2407 3315 2568 3380; x_wconf 85' lang='grc' dir='ltr'><strong><em>μόνος</em></strong></span> <span class='ocrx_word' id='word_1_226' title='bbox 2606 3311 2662 3365; x_wconf 83' lang='grc' dir='ltr'>δὲ</span> 
     </span>
     <span class='ocr_line' id='line_1_31' title="bbox 631 3401 2667 3470; baseline -0 -15"><span class='ocrx_word' id='word_1_227' title='bbox 631 3403 915 3470; x_wconf 80' lang='grc' dir='ltr'><strong><em>ἄνθρωπος</em></strong></span> <span class='ocrx_word' id='word_1_228' title='bbox 952 3401 1087 3455; x_wconf 86' lang='grc' dir='ltr'><strong><em>κατὰ</em></strong></span> <span class='ocrx_word' id='word_1_229' title='bbox 1124 3402 1404 3465; x_wconf 88' lang='grc' dir='ltr'><strong><em>Πλάτωνα,</em></strong></span> <span class='ocrx_word' id='word_1_230' title='bbox 1443 3403 1635 3469; x_wconf 86' lang='grc' dir='ltr'><strong><em>γυμνὸς</em></strong></span> <span class='ocrx_word' id='word_1_231' title='bbox 1684 3403 1764 3455; x_wconf 86' lang='grc' dir='ltr'><strong><em>εαὶ</em></strong></span> <span class='ocrx_word' id='word_1_232' title='bbox 1810 3403 2032 3462; x_wconf 82' lang='grc' dir='ltr'><strong><em>ἄνοπλος</em></strong></span> <span class='ocrx_word' id='word_1_233' title='bbox 2081 3403 2172 3456; x_wconf 85' lang='grc' dir='ltr'>καὶ</span> <span class='ocrx_word' id='word_1_234' title='bbox 2222 3402 2538 3461; x_wconf 81' lang='grc' dir='ltr'><strong><em>ἀνυπόδετος</em></strong></span> <span class='ocrx_word' id='word_1_235' title='bbox 2574 3404 2667 3454; x_wconf 89' lang='grc' dir='ltr'>καί</span> 
     </span>
     <span class='ocr_line' id='line_1_32' title="bbox 631 3491 2662 3559; baseline -0.001 -14"><span class='ocrx_word' id='word_1_236' title='bbox 631 3493 893 3559; x_wconf 80' lang='grc' dir='ltr'><strong><em>ἄστρωτος</em></strong></span> <span class='ocrx_word' id='word_1_237' title='bbox 930 3492 1031 3545; x_wconf 81' lang='grc' dir='ltr'>ὑπὸ</span> <span class='ocrx_word' id='word_1_238' title='bbox 1068 3500 1156 3559; x_wconf 89' lang='grc' dir='ltr'><strong><em>τῆς</em></strong></span> <span class='ocrx_word' id='word_1_239' title='bbox 1194 3492 1409 3559; x_wconf 86' lang='grc' dir='ltr'><strong><em>φύσεως</em></strong></span> <span class='ocrx_word' id='word_1_240' title='bbox 1446 3491 1818 3556; x_wconf 81' lang='grc' dir='ltr'><strong><em>ἀπολέλειπται,</em></strong></span> <span class='ocrx_word' id='word_1_241' title='bbox 1857 3492 1963 3545; x_wconf 81' lang='grc' dir='ltr'><strong><em>ἀλλ’</em></strong></span> <span class='ocrx_word' id='word_1_242' title='bbox 1987 3493 2043 3545; x_wconf 79' lang='grc' dir='ltr'><strong><em>ἕν</em></strong></span> <span class='ocrx_word' id='word_1_243' title='bbox 2080 3493 2296 3545; x_wconf 84' lang='grc' dir='ltr'><strong><em>διδοῦσα</em></strong></span> <span class='ocrx_word' id='word_1_244' title='bbox 2332 3492 2498 3546; x_wconf 78' lang='grc' dir='ltr'><strong><em>πάντα.</em></strong></span> <span class='ocrx_word' id='word_1_245' title='bbox 2534 3492 2662 3558; x_wconf 86' lang='grc' dir='ltr'><strong><em>μαλ-</em></strong></span> 
     </span>
     <span class='ocr_line' id='line_1_33' title="bbox 629 3580 2533 3650; baseline -0.001 -18"><span class='ocrx_word' id='word_1_246' title='bbox 629 3581 812 3634; x_wconf 86' lang='grc' dir='ltr'><strong><em>θάσσει</em></strong></span> <span class='ocrx_word' id='word_1_247' title='bbox 850 3580 983 3633; x_wconf 86' lang='grc' dir='ltr'><strong><em>κατὰ</em></strong></span> <span class='ocrx_word' id='word_1_248' title='bbox 1021 3581 1109 3633; x_wconf 88' lang='grc' dir='ltr'>τὸν</span> <span class='ocrx_word' id='word_1_249' title='bbox 1146 3580 1389 3649; x_wconf 86' lang='grc' dir='ltr'><strong><em>λογισμὸν</em></strong></span> <span class='ocrx_word' id='word_1_250' title='bbox 1426 3581 1518 3633; x_wconf 81' lang='grc' dir='ltr'>καὶ</span> <span class='ocrx_word' id='word_1_251' title='bbox 1556 3580 1649 3649; x_wconf 87' lang='grc' dir='ltr'>τὴν</span> <span class='ocrx_word' id='word_1_252' title='bbox 1686 3581 1976 3648; x_wconf 77' lang='grc' dir='ltr'><strong><em>ἐπιμέλειαν</em></strong></span> <span class='ocrx_word' id='word_1_253' title='bbox 2012 3581 2103 3634; x_wconf 85' lang='grc' dir='ltr'>καὶ</span> <span class='ocrx_word' id='word_1_254' title='bbox 2141 3580 2233 3650; x_wconf 88' lang='grc' dir='ltr'>τὴν</span> <span class='ocrx_word' id='word_1_255' title='bbox 2267 3582 2533 3648; x_wconf 89' lang='grc' dir='ltr'><strong><em>πρόνοιαν.</em></strong></span> 
     </span>
    </p>

    <p class='ocr_par' dir='ltr' id='par_1_7' title="bbox 632 3665 2662 3825">
     <span class='ocr_line' id='line_1_34' title="bbox 799 3665 2662 3735; baseline -0.001 -14"><span class='ocrx_word' id='word_1_256' title='bbox 799 3668 840 3735; x_wconf 77' lang='lat'>²)</span> <span class='ocrx_word' id='word_1_257' title='bbox 878 3668 1034 3721; x_wconf 90' lang='lat' dir='ltr'>Num</span> <span class='ocrx_word' id='word_1_258' title='bbox 1071 3667 1230 3732; x_wconf 85' lang='lat' dir='ltr'>forte,</span> <span class='ocrx_word' id='word_1_259' title='bbox 1269 3667 1347 3720; x_wconf 89' lang='lat' dir='ltr'>ait</span> <span class='ocrx_word' id='word_1_260' title='bbox 1385 3666 1611 3732; x_wconf 75' lang='lat' dir='ltr'>Crotum,</span> <span class='ocrx_word' id='word_1_261' title='bbox 1661 3667 1879 3721; x_wconf 84' lang='lat' dir='ltr'>Milesio</span> <span class='ocrx_word' id='word_1_262' title='bbox 1928 3668 2009 3720; x_wconf 92' lang='lat' dir='ltr'>illi</span> <span class='ocrx_word' id='word_1_263' title='bbox 2058 3667 2282 3721; x_wconf 87' lang='lat' dir='ltr'>oraculo</span> <span class='ocrx_word' id='word_1_264' title='bbox 2317 3665 2662 3720; x_wconf 85' lang='lat' dir='ltr'>necessitudo</span> 
     </span>
     <span class='ocr_line' id='line_1_35' title="bbox 632 3754 2064 3825; baseline 0.001 -18"><span class='ocrx_word' id='word_1_265' title='bbox 632 3754 904 3824; x_wconf 88' lang='lat' dir='ltr'>quaedam</span> <span class='ocrx_word' id='word_1_266' title='bbox 941 3773 1070 3808; x_wconf 87' lang='lat' dir='ltr'>cum</span> <span class='ocrx_word' id='word_1_267' title='bbox 1107 3757 1338 3825; x_wconf 88' lang='lat' dir='ltr'>antiquo</span> <span class='ocrx_word' id='word_1_268' title='bbox 1376 3754 1678 3824; x_wconf 89' lang='lat' dir='ltr'>Phocylide</span> <span class='ocrx_word' id='word_1_269' title='bbox 1715 3756 2064 3809; x_wconf 66' lang='lat' dir='ltr'>intercessit?</span> 
     </span>
    </p>
   </div>
   <div class='ocr_carea' id='block_1_4' title="bbox 632 3844 2666 3987">
    <p class='ocr_par' dir='ltr' id='par_1_8' title="bbox 632 3844 2666 3987">
     <span class='ocr_line' id='line_1_36' title="bbox 796 3844 2666 3916; baseline 0 -19"><span class='ocrx_word' id='word_1_270' title='bbox 796 3845 917 3913; x_wconf 88' lang='lat' dir='ltr'>Ego</span> <span class='ocrx_word' id='word_1_271' title='bbox 952 3862 1063 3899; x_wconf 90' lang='lat' dir='ltr'>non</span> <span class='ocrx_word' id='word_1_272' title='bbox 1100 3844 1297 3899; x_wconf 90' lang='lat' dir='ltr'>dubito</span> <span class='ocrx_word' id='word_1_273' title='bbox 1334 3846 1471 3915; x_wconf 91' lang='lat' dir='ltr'>quin</span> <span class='ocrx_word' id='word_1_274' title='bbox 1506 3845 1598 3897; x_wconf 91' lang='lat' dir='ltr'>hic</span> <span class='ocrx_word' id='word_1_275' title='bbox 1635 3859 1825 3898; x_wconf 84' lang='lat' dir='ltr'>versus</span> <span class='ocrx_word' id='word_1_276' title='bbox 1863 3844 1934 3899; x_wconf 89' lang='lat' dir='ltr'>ab</span> <span class='ocrx_word' id='word_1_277' title='bbox 1971 3846 2203 3916; x_wconf 84' lang='lat' dir='ltr'>antiquo</span> <span class='ocrx_word' id='word_1_278' title='bbox 2238 3848 2404 3914; x_wconf 66' lang='lat' dir='ltr'>poeta</span> <span class='ocrx_word' id='word_1_279' title='bbox 2449 3844 2666 3898; x_wconf 81' lang='lat' dir='ltr'>Milesio</span> 
     </span>
     <span class='ocr_line' id='line_1_37' title="bbox 632 3930 1138 3987; baseline 0.004 -3"><span class='ocrx_word' id='word_1_280' title='bbox 632 3930 915 3986; x_wconf 86' lang='lat' dir='ltr'>adhibitus</span> <span class='ocrx_word' id='word_1_281' title='bbox 953 3933 1138 3987; x_wconf 85' lang='lat' dir='ltr'>fuerit.</span> 
     </span>
    </p>
   </div>
   <div class='ocr_carea' id='block_1_5' title="bbox 2898 374 2906 1317">
    <p class='ocr_par' dir='ltr' id='par_1_9' title="bbox 2898 374 2906 1317">
     <span class='ocr_line' id='line_1_38' title="bbox 2898 374 2906 1317; baseline 0 0"><span class='ocrx_word' id='word_1_282' title='bbox 2898 374 2906 1317; x_wconf 95' lang='lat' dir='ltr'> </span> 
     </span>
    </p>
   </div>
   <div class='ocr_carea' id='block_1_6' title="bbox 2899 1462 2904 2036">
    <p class='ocr_par' dir='ltr' id='par_1_10' title="bbox 2899 1462 2904 2036">
     <span class='ocr_line' id='line_1_39' title="bbox 2899 1462 2904 2036; baseline 0 0"><span class='ocrx_word' id='word_1_283' title='bbox 2899 1462 2904 2036; x_wconf 95' lang='lat' dir='ltr'> </span> 
     </span>
    </p>
   </div>
   <div class='ocr_carea' id='block_1_7' title="bbox 2894 2334 2909 4330">
    <p class='ocr_par' dir='ltr' id='par_1_11' title="bbox 2894 2334 2909 4330">
     <span class='ocr_line' id='line_1_40' title="bbox 2894 2334 2909 4330; baseline 0 0"><span class='ocrx_word' id='word_1_284' title='bbox 2894 2334 2909 4330; x_wconf 95' lang='lat' dir='ltr'> </span> 
     </span>
    </p>
   </div>
  </div>
 </body>
</html>
