2961 4616
1273 328 1339 335 ..
1379 298 1446 351 53
1488 328 1554 335 .-

384 408 556 471 Iram
604 413 668 472 et
710 409 897 491 jurga
940 413 1263 489 tamquam
1307 407 1814 470 funestissimam
1861 412 2107 489 pestem
2158 407 2303 470 odio
2337 408 2448 470 ha-

387 516 657 578 bebant:
709 515 823 578 cfr.
870 534 991 577 vss,
1043 517 1077 577 7
1088 516 1234 577 7-8;

530 646 558 677 «
587 621 678 704 μὴ
707 626 909 704 μιμοῦ
939 620 1280 703 κακότητα,
1316 621 1458 703 δίκῃ
1496 620 1911 703 δ’ἀπόλειψον
1942 622 2193 703 ἄμυναν

521 727 732 793 πειθὼ
777 727 895 809 μὲν
927 726 1049 810 γὰρ
1083 728 1316 809 ὄνειαρ,
1350 729 1479 809 ἔρις
1513 727 1569 790 δ’
1606 729 1737 811 ἔριν
1768 727 2149 808 ἀντιφυτεύει
2182 753 2209 784 >>

388 854 510 897 1788.
564 836 790 898 123-4;
1165 860 1169 864 ·

523 941 775 1024 εὖεπίην
807 942 1040 1015 ἀσκεῖν,
1071 943 1205 1024 ἥτις
1232 942 1404 1022 μάλα
1435 942 1676 1012 πάντας
1708 941 1934 1024 ὀνήσει.

524 1048 724 1112 ὅπλον
753 1072 846 1112 τοι
876 1048 1066 1129 λόγος
1095 1047 1278 1130 ἀνδρὶ
1308 1048 1672 1130 τομώτερόν
1703 1048 1826 1111 ἔστι
1857 1048 2140 1130 σιδήρου.

389 1173 464 1217 ac
513 1174 633 1218 vss
686 1156 963 1217 142-44:

522 1262 816 1345 βέλτερον
842 1263 966 1325 ἀντ’
1001 1263 1244 1345 ἐχθροῦ
1273 1263 1511 1345 τυχέειν
1543 1263 1731 1344 φίλου
1766 1263 2185 1344 εὖμενέοντος.

524 1369 594 1441 ἐξ
626 1369 839 1450 ὀλίγου
871 1370 1223 1452 σπινθῆρος
1256 1369 1621 1451 ἀθέσφατος
1653 1370 1896 1432 αἴθεται
1926 1369 2060 1450 ὕλη.

390 1474 458 1538 Si
506 1475 661 1557 quid
708 1476 1116 1540 affirmabant
1157 1478 1504 1558 juramenti
1548 1476 1610 1539 lo
1659 1483 1808 1557 erat,
1856 1477 2297 1559 pessimaeque
2346 1476 2445 1537 in-

390 1581 551 1644 dolis
597 1582 913 1646 iudicium
955 1583 1350 1666 reputabant,
1398 1584 1453 1646 si
1501 1584 1609 1647 eui
1646 1584 1942 1646 invocata
1974 1583 2259 1644 numinis
2291 1582 2442 1663 fide,

390 1689 760 1752 crederetur
794 1690 838 1770 1)
886 1690 997 1753 cfr.
1049 1710 1134 1753 vs.
1187 1692 1296 1754 16:

521 1796 675 1878 μήδ’
725 1796 1111 1881 ἔπιορκησῃς
1153 1798 1293 1880 μητ’
1345 1798 1559 1879 ἁγνῶς
1601 1798 1759 1880 μήτε
1805 1798 2022 1860 ἑκοντί.

566 1903 693 1967 Hie
740 1904 1001 1968 vivendi
1045 1905 1290 1987 modus,
1347 1906 1459 1986 qui
1491 1906 1559 1967 in
1591 1905 1809 1967 multis
1842 1924 1991 1967 eum
2021 1904 2435 1986 pythagorico

393 2012 708 2092 convenit,
779 2012 847 2074 in
894 2012 1536 2094 Pseudophoeylidea
1583 2031 1923 2094 expressus
1969 2012 2127 2074 mihi
2175 2011 2444 2075 videtur.

388 2118 504 2181 Est
531 2119 729 2201 igitur
757 2120 917 2182 mihi
949 2120 1582 2203 Pseudophoeylides
1628 2120 1906 2187 Iudaeus
1954 2119 2210 2201 quidam
2251 2119 2439 2183 Esse—

387 2246 528 2307 nus‚
562 2227 680 2308 vel,
714 2233 786 2289 ut
831 2227 1070 2310 dieunt,
1114 2227 1528 2311 Therapeuta7
1578 2229 1690 2311 qui
1738 2247 1994 2291 carmen
2034 2247 2225 2290 suum
2254 2228 2459 2297 initio.

388 2335 580 2417 primi
606 2340 752 2399 ante
779 2335 890 2400 Ch.
937 2357 998 2399 n.
1027 2337 1267 2399 saeculi
1301 2336 1605 2419 condidit,
1636 2355 1783 2400 oum
1818 2335 2047 2399 Schola
2076 2334 2135 2398 N
2139 2337 2444 2418 eopytha-

388 2445 605 2526 goriea
648 2445 866 2527 vigere
914 2446 1137 2526 eoepit.
1170 2444 1507 2509 Praelerea
1554 2445 1781 2508 Graetz
1812 2446 1881 2506 in
1915 2464 2104 2527 opere
2144 2445 2315 2526 quod
2345 2447 2444 2507 in·

387 2552 713 2615 scribitur:
743 2590 826 2597 —
855 2552 1237 2616 Gesehiehte
1257 2552 1367 2615 des
1384 2553 1623 2615 Volkes
1653 2552 1902 2615 Israel’s
1929 2590 2010 2597 ——
2038 2555 2117 2634 (v.
2146 2552 2261 2633 111,
2288 2554 2439 2630 311)

388 2658 659 2722 Iudaeos
706 2659 1072 2722 hellenistas
1103 2659 1338 2742 triplici
1371 2661 1536 2723 serie
1570 2659 1937 2742 distinguit:
1971 2659 2187 2721 Prima
2219 2678 2441 2722 eorum

390 2768 487 2826 est
522 2766 635 2846 qui
668 2765 976 2847 dogmata,
999 2765 1174 2847 leges
1204 2784 1543 2846 moresque
1578 2765 1982 2828 ethnicorum
2013 2764 2266 2827 silentio
2298 2783 2440 2847 pre-

387 2876 598 2950 munt3
647 2871 843 2935 altera
889 2890 1111 2934 eorum
1159 2873 1272 2953 qui
1318 2872 1638 2954 improbos
1700 2890 1908 2934 mores
1967 2872 2439 2961 perstringunt3

388 2978 574 3041 tertia
619 2997 841 3042 eorum
879 2980 989 3061 qui
1022 2998 1205 3042 suam
1237 2980 1440 3059 tutati,
1471 2980 1876 3042 ethnicorum
1906 2978 2282 3060 religionem
2315 2979 2436 3040 im-

382 3090 686 3167 pugnant.
711 3085 801 3148 At
823 3105 974 3149 vero
1000 3105 1191 3168 opera
1215 3105 1436 3149 eorum
1471 3087 1584 3168 qui
1626 3086 1815 3148 tertia
1847 3086 2010 3148 serie
2045 3084 2442 3148 concludun-

384 3197 505 3274 tur,
538 3194 742 3274 primo
775 3193 1032 3257 saeculo
1069 3200 1213 3276 post
1245 3193 1354 3257 Ch.
1388 3214 1449 3256 11.
1498 3193 1851 3256 abundant:
1888 3193 2176 3256 Philonis
2209 3193 2443 3275 scripta

386 3301 588 3363 innuo
622 3305 813 3382 atque
854 3300 1102 3384 loseph.
1148 3301 1368 3376 Flavii,
1404 3302 1590 3365 euius
1622 3305 1978 3365 memoratu
2025 3301 2255 3384 dignae
2290 3305 2441 3363 sunt

386 3408 454 3470 αἱ
482 3445 567 3453 --
604 3407 1007 3492 Ἀντιρρήσεις
1035 3433 1201 3491 προς
1230 3408 1505 3472 Ἀπίωνα
1557 3447 1639 3454 -
1690 3428 1848 3490 quas
1891 3410 2130 3472 rectius
2178 3409 2438 3470 omnino

395 3539 422 3571 «
446 3516 862 3598 Ἀντιρῥήσεις
889 3515 1054 3599 πρὸς
1073 3516 1369 3586 ’Ἑλλενας
1400 3542 1427 3573 >>
1467 3517 1857 3599 Porphyrios
1889 3515 2177 3598 appellat,

557 3694 598 3761 ¹)
637 3692 752 3747 Cfr.
806 3692 1025 3747 Philon.
1077 3692 1222 3762 (Lib.
1280 3717 1301 3740 α
1326 3692 1579 3764 Quisque
1628 3692 1754 3745 virt.
1808 3689 1956 3745 stud.
1983 3715 2004 3740 ιο
2067 3692 2128 3744 II
2166 3709 2291 3762 pag.
2331 3692 2434 3745 457

391 3783 562 3852 seqq.)
600 3782 819 3853 Ioseph.
848 3783 960 3837 FO.
987 3782 1240 3852 (Antiqu.
1269 3782 1393 3836 Ind.
1420 3782 1591 3848 XIII,
1619 3784 1666 3837 5.
1698 3782 1757 3849 85
1796 3782 1929 3847 XV,
1971 3783 2055 3847 10,
2100 3784 2162 3847 53
2203 3781 2435 3848 XVIII,

397 3874 443 3926 1.
481 3875 514 3927 5
552 3904 620 3911 —
658 3873 746 3927 De
783 3873 938 3927 Bello
989 3871 1229 3928 Judaieo
1280 3872 1358 3935 ΙΙ,
1409 3873 1461 3940 8,
1516 3872 1669 3936 2-13)
1721 3872 1867 3926 Ρ1111.
1905 3873 2080 3942 (Hist.
2119 3872 2193 3926 N.
2233 3872 2305 3938 V,
2347 3873 2434 3941 15)

389 3961 593 4016 Euseb.
631 3962 848 4033 (Praep.
885 3962 987 4017 Ev.
1026 3962 1131 4026 IX,
1170 3961 1226 4031 2)
1265 3962 1565 4033 Prorphyr.
1604 3963 1713 4031 (De
1749 3961 1950 4016 abstin.
1990 3962 2095 4026 IV,
2137 3964 2220 4028 11,
2261 3962 2368 4030 13).
