2961 4616
1178 328 1460 383 -23—

292 441 559 505 Crusius
622 442 733 523 qui
789 445 932 522 post
985 461 1073 504 vs.
1123 442 1208 505 20
1253 441 1552 504 lacunam
1600 460 1739 505 esse
1802 447 2035 524 censet,
2083 462 2335 507 necnon

295 548 490 613 verba
536 549 688 613 Lev.
734 548 903 612 XIX
956 551 1055 631 13,
1088 549 1166 612 οὗ
1210 548 1301 631 μὴ
1360 548 1820 633 κοιμηθήσεται
1866 549 1904 612 ὅ
1948 549 2183 632 μισθὸς
2225 558 2337 615 τοῦ

288 658 625 740 μισθωτοῦ
685 678 804 721 σου
849 658 1026 738 παρά
1072 680 1173 721 σοι
1220 695 1302 702 -—-
1359 656 1531 720 unde
1579 656 1904 720 derivatur
1948 678 2037 721 vs.
2076 660 2191 736 193
2240 679 2338 723 se-

295 770 586 848 quuntur
632 764 865 829 deinde
897 763 1091 829 verba
1123 803 1206 810 —
1244 766 1370 836 ἕως
1396 764 1579 847 πρωΐ
1617 784 1780 847 quae
1812 785 2000 830 versu
2049 767 2134 830 22
2184 786 2340 849 quo-

291 872 632 938 dammodo
679 874 982 937 translata
1027 878 1192 937 sunt.
1240 874 1329 937 At
1381 893 1533 938 vero
1581 894 1669 937 vs.
1703 874 1789 938 20
1822 894 2015 956 quem
2047 875 2338 941 conferre

291 987 470 1065 potes
504 1001 655 1046 cum
684 1002 818 1064 cap.
850 981 1002 1063 XX,
1039 982 1120 1044 19
1152 982 1336 1046 PrOV.
1365 1021 1448 1028 —
1470 982 1974 1047 Ἀποκαλύπτων
1993 985 2340 1068 μυστήριον

287 1089 623 1171 πορεύεται
675 1088 850 1172 ὂόλῳ
893 1089 1020 1152 κτλ.
1055 1128 1137 1135 -
1173 1089 1485 1153 delendus
1516 1109 1645 1152 non
1679 1094 1790 1171 est„
1837 1094 1902 1153 at
1931 1091 2143 1173 potius
2188 1091 2341 1154 alibi

292 1217 373 1261 ex
419 1215 512 1280 gr.
563 1201 714 1261 ante
762 1217 851 1260 vs.
897 1197 1000 1278 48,
1048 1200 1123 1260 ut
1165 1196 1306 1259 vult
1354 1196 1605 1278 Goram,
1655 1196 2079 1278 collocandus,
2123 1203 2341 1281 utpote

289 1309 704 1387 praeceptum
746 1304 1033 1369 referens
1055 1303 1298 1367 latioris
1329 1323 1574 1385 sensns,
1599 1324 1749 1367 cum
1779 1304 2146 1368 huiusmodi
2174 1310 2342 1369 tran—

288 1412 549 1493 spositio
596 1431 634 1474 a
662 1411 896 1474 misera
940 1413 1156 1474 textus
1211 1409 1577 1474 conditione
1624 1411 1888 1474 minime
1934 1410 2282 1477 abhorreat.

458 1517 607 1581 Vss.
655 1518 759 1597 22,
807 1518 889 1580 23
939 1516 1053 1594 0er
1085 1537 1231 1580 cum
1280 1517 1462 1580 Prov.
1505 1517 1619 1598 ΠΙ,
1656 1518 1759 1597 27,
1792 1518 1877 1580 28
1913 1555 1994 1562 --
2027 1516 2146 1600 Μὴ
2179 1518 2337 1582 ἀπο-

285 1631 402 1708 σχῇ
448 1625 520 1688 εὗ
569 1629 771 1689 ποιεῖν
814 1624 998 1706 ἐνδεῆ
1040 1624 1226 1707 ἡνίκα
1281 1626 1363 1687 ἂν
1420 1625 1533 1707 ἔχῃ
1580 1625 1620 1708 ἡ
1680 1624 1814 1707 χείρ
1875 1647 1993 1689 σου
2047 1625 2332 1708 βοηθεῖν,

284 1733 366 1795 28
399 1771 484 1778 -
516 1731 640 1814 Μὴ
682 1733 875 1815 εἴπης·
907 1731 1282 1796 ἐπανελθὼν
1312 1732 1608 1813 ἐπάνηκε,
1640 1733 1865 1813 αὔριον
1897 1731 2113 1804 ὂώσω,
2147 1733 2336 1796 dvm-

283 1844 389 1902 τοῦ
435 1861 559 1903 σου
608 1839 790 1909 ὄντος
834 1836 904 1902 εὖ
950 1843 1167 1902 ποιεῖν·
1217 1839 1297 1903 οὗ
1343 1837 1465 1921 γὰρ
1513 1836 1693 1909 οἶδας
1734 1838 1788 1901 τὶ
1831 1838 2061 1912 τέξεται
2113 1839 2153 1922 ἡ
2208 1839 2336 1902 ἔπι-

287 1951 440 2011 οῢσα
476 1985 565 1993 -
602 1966 765 2028 quae
810 1945 1007 2011 verba
1050 1947 1119 2009 in
1166 1947 1537 2010 memoriam
1583 1946 1886 2029 redigunt
1930 1948 2122 2011 etiam
2153 1967 2337 2010 vsum

296 2055 376 2117 28
409 2094 494 2101 ——
527 2056 808 2119 πλοῦτον
859 2056 1027 2138 ἔχων
1084 2054 1204 2138 σὴν
1255 2060 1433 2137 χεῖρα
1492 2054 1934 2138 πενητεύουσιν
1993 2056 2221 2138 ὄρεξον
2253 2095 2336 2102 -

287 2180 404 2225 nec
434 2182 573 2226 non
618 2181 806 2225 vsum
865 2162 1024 2225 109:
2381 2144 2395 2157 ’

330 2306 410 2315 -—
440 2268 724 2335 πλούτου
767 2268 858 2353 μὴ
891 2268 1132 2352 φείὀου·
1178 2270 1450 2353 μέμνησ’
1487 2269 1578 2334 ὅτι
1608 2268 1845 2353 θνητὸς
1873 2270 2176 2354 ὑπάρχεις
2208 2308 2292 2318 --

285 2377 440 2441 illud
485 2398 643 2442 vero
689 2378 873 2442 PrOV.
914 2403 943 2436 «
979 2379 1057 2442 οὔ
1104 2377 1226 2459 γὰρ
1274 2377 1453 2449 οἶδας
1505 2377 1559 2442 τὶ
1618 2379 1849 2452 τέξεται
1903 2379 1943 2462 ἡ
1998 2380 2260 2443 ἐπιοῦσα
2302 2405 2330 2438 »

286 2503 470 2549 versu
523 2487 654 2549 116
702 2490 874 2550 certe
922 2504 1330 2568 expressum:

330 2630 411 2638 —
445 2591 660 2663 οὐδεὶς
704 2593 1054 2674 γιγνώσκει,
1098 2592 1152 2657 τὶ
1174 2618 1180 2627 ’
1195 2593 1321 2675 μετ’
1358 2594 1584 2675 αὔριον
1630 2595 1669 2675 ἢ
1713 2592 1766 2655 τὶ
1795 2592 1942 2676 μεθ’
1974 2593 2173 2674 ὥραν.
2208 2631 2291 2639 ——

456 2700 573 2763 Vs.
622 2700 706 2761 24
754 2699 833 2762 ad
881 2698 1148 2763 verbum
1196 2719 1279 2764 ex
1332 2700 1500 2763 Isaia
1526 2720 1577 2763 c.
1609 2699 1840 2781 LVIII,
1884 2702 1918 2763 7
1956 2701 2335 2763 translatus:

290 2807 648 2889 Διάθρυπτε
690 2812 979 2871 πεινῶντι
1022 2807 1132 2872 τὸν
1177 2809 1370 2890 ἄρτον
1416 2831 1554 2881 σου,
1600 2808 1710 2871 καὶ
1752 2814 2030 2891 πτωχοῖς
2060 2809 2341 2891 ἀστέγοις

289 2916 489 2996 εἴσαγε
536 2916 625 2985 εἰς
669 2913 850 2979 οἶκον
895 2938 1014 2979 σου
1045 2915 1154 2978 καὶ
1182 2914 1420 2997 τυφλὸν
1450 2916 1666 2999 ὁόήγει
1700 2954 1781 2961 -
1817 2916 1929 2978 cfr.
1965 2916 2156 2979 etiam
2187 2916 2336 2980 Lev.

290 3020 466 3105 XIX,
503 3024 588 3086 14
623 3060 705 3069 —-·
739 3024 818 3087 οὗ
863 3028 1090 3094 κακῶς
1134 3024 1293 3105 ἐρεῖς
1336 3021 1568 3106 κωφὸν
1614 3022 1722 3086 καὶ
1768 3024 2060 3087 ἀπέναντι
2099 3023 2338 3106 τυφλοῦ

290 3129 364 3192 οὗ
405 3130 797 3214 προσθήσεις
828 3130 1202 3196 σκάνδαλον.
1236 3131 1345 3195 Vs.
1380 3133 1582 3194 26-28
1616 3131 1728 3195 cfr.
1762 3152 1908 3196 cum
1942 3132 2091 3195 Lev.
2125 3131 2338 3212 XXV,

291 3236 370 3297 35
420 3274 504 3282 —-
544 3233 698 3299 Ἐὰν
743 3236 812 3300 ὂὲ
855 3238 1115 3320 πένηται
1160 3236 1198 3299 ὅ
1243 3236 1520 3319 ἀδελφός
1573 3261 1691 3301 σου
1742 3238 1780 3301 ὅ
1822 3237 1978 3321 μετὰ
2040 3243 2177 3311 σοῦ,
2232 3238 2340 3300 καὶ

290 3341 645 3427 ἀόυνατήσῃ
695 3350 828 3415 ταῖς
871 3345 1048 3428 χερσὶ
1091 3344 1268 3428 παρὰ
1316 3344 1432 3418 σοὶ,
1479 3346 1786 3430 ἀναλήψῃ
1836 3347 2029 3410 αὐτοῦ
2061 3346 2154 3415 ὥς
2182 3369 2340 3428 προ-

291 3447 554 3530 σηλύτου
599 3449 709 3514 καὶ
752 3450 1091 3530 παροίκου,
1136 3450 1246 3515 καὶ
1292 3451 1537 3534 ζήσεται
1582 3451 1621 3514 ὁ
1678 3450 1954 3534 ἀδελφός
2014 3474 2131 3515 σου
2182 3450 2339 3533 μετὰ

292 3559 421 3617 σοῦ.
454 3592 538 3600 -
575 3555 680 3620 Vs,
731 3557 817 3620 30
864 3563 1275 3639 praeceptum
1319 3557 1520 3620 refert
1564 3556 1766 3620 multa
1810 3558 1878 3619 in
1933 3575 2001 3620 se
2062 3556 2338 3639 eomple-

295 3662 466 3724 ctens
513 3661 592 3724 ad
640 3662 807 3726 vitae
856 3663 1061 3725 varias
1094 3662 1493 3726 conditiones
1541 3667 1933 3744 opportuna3
1995 3682 2116 3725 vss.
2180 3663 2338 3725 31-4

296 3782 397 3828 εοε
442 3769 795 3852 respiciunt
841 3769 952 3851 qui
1000 3769 1192 3831 armis
1242 3772 1522 3831 utuntur.
1557 3767 1777 3831 Lectio
1810 3789 1898 3831 vs,
1934 3771 2015 3832 33
2059 3768 2338 3853 disputa-

296 3871 446 3936 tioni
493 3876 771 3939 obnoxia
817 3882 948 3940 est:
998 3876 1334 3939 manifesta
1378 3875 1505 3939 loci
1550 3877 1866 3940 sententia
1907 3882 2197 3960 apparet3
2231 3896 2338 3940 ve-

298 3997 435 4043 rum
478 3982 637 4046 illud
669 4021 751 4031 ——
783 3984 873 4067 μὴ
907 3982 1167 4067 χρῄζοις
1198 4021 1279 4028 -
1314 3981 1608 4046 nonnihil
1639 3984 2075 4066 perspicujtati
2116 3985 2337 4049 officit.
