2961 4616
1203 365 1268 371 ,-
1309 332 1377 386 27
1419 365 1486 371 -

318 442 534 517 δώσω,
566 444 839 526 ἀνάμενε
871 442 980 507 τὸν
1009 442 1255 526 Κύριον
1288 483 1371 490 —
1405 448 1597 526 atque
1630 463 1774 508 cum
1812 445 1951 527 Sap.
1986 465 2037 509 c.
2085 446 2133 525 I,
2182 447 2250 508 8:
2288 485 2369 492 —

317 550 418 615 διὰ
464 558 647 617 τοῦτο
694 551 1140 636 φθεγγόμενος
1185 552 1376 617 ἄδικα
1424 553 1632 625 οὐδεὶς
1674 554 1766 636 μὴ
1813 554 2001 638 λάθῃ,
2048 553 2199 617 οὗόὲ
2242 554 2373 637 μὴν

315 660 690 746 παροδεύσῃ
738 660 930 726 αὐτὸν
975 661 1314 744 ἐλέγχουσα
1362 664 1401 745 ἡ
1452 662 1615 747 δίκη.
1664 702 1745 709 -

494 770 634 833 Vss.
671 771 827 834 81-‘2
857 808 940 816 —
966 769 1166 834 καλὸν
1196 771 1472 844 ξεινίζειν
1502 772 1746 855 ταχέως
1774 772 2008 837 λυταῖσι
2036 772 2372 853 τραπέζαις

314 880 354 959 ἢ
400 877 708 949 πλείσταις
753 878 1030 942 θαλίαισι
1091 878 1564 960 βραόυνούσαις
1626 878 1802 961 παρὰ
1863 878 2106 962 καιρόν.
2141 918 2222 925 -
2260 878 2369 943 cfr.

315 1004 463 1048 cum
511 985 694 1048 Prov.
744 984 888 1066 XV,
943 987 1020 1049 17
1062 1023 1144 1031 -—
1178 985 1512 1068 Κρείσσων
1560 985 1850 1068 ξενισμὸς
1883 987 2040 1069 μετὰ
2071 987 2370 1051 λακάνων

310 1091 478 1174 πρὸς
521 1092 733 1174 φιλίαν
779 1092 889 1157 καὶ
932 1094 1134 1176 χάριν,
1165 1097 1205 1176 ἢ
1236 1095 1593 1177 παράθεσις
1620 1095 1890 1179 μόσχων
1915 1094 2070 1178 μετὰ
2110 1095 2367 1178 ἔχθρας.

484 1200 625 1264 Vss.
659 1202 836 1283 83-5,
862 1206 934 1264 ut
954 1202 1104 1284 jam,
1128 1202 1417 1284 Bernays
1465 1207 1530 1267 et
1560 1204 1668 1266 alii
1700 1204 2302 1283 animadverterunt,
2338 1222 2373 1266 e

309 1305 499 1369 Dent.
546 1306 762 1390 XXII,
813 1310 851 1371 6
899 1309 1212 1392 originem
1257 1330 1437 1373 suam
1467 1311 1749 1374 ducunt:
1789 1349 1870 1355 —
1903 1310 2013 1374 ἐὰν
2045 1309 2114 1374 ὄὲ
2144 1333 2369 1376 συναν-

310 1415 505 1497 τήσῃς
549 1423 772 1497 νοσσιᾷ
815 1416 1060 1499 ὀρνέων
1102 1416 1233 1497 πρὸ
1277 1417 1638 1500 προσώπου
1694 1442 1811 1481 σου
1872 1418 1940 1482 ἐν
2000 1425 2076 1501 τῇ
2128 1417 2269 1499 ὀδῷ
2328 1419 2367 1500 ἢ

315 1525 418 1588 ἐπὶ
460 1525 647 1588 παντὶ
693 1524 961 1608 ὀένόρῳ,
1006 1529 1046 1608 ἢ
1094 1526 1195 1589 ἐπὶ
1238 1531 1367 1590 τῶν
1414 1528 1588 1599 ὠῶν,
1637 1528 1714 1590 οὗ
1759 1527 1932 1611 λήψῃ
1978 1530 2091 1609 τὴν
2131 1527 2370 1609 μητέρα

310 1633 468 1716 μετὰ
513 1638 642 1697 τῶν
685 1634 942 1698 τέκνων.
965 1634 1315 1717 Ἀποστολῇ
1356 1634 1722 1705 ἀποστολεῖς
1764 1634 1876 1717 τὴν
1905 1635 2165 1718 μητέρα,
2195 1634 2268 1698 τὰ
2302 1634 2371 1698 δὲ

310 1742 531 1805 παιδία
579 1741 751 1824 λήψῃ
800 1749 1063 1824 σεαυτῷ,
1109 1743 1208 1805 ἴνα
1255 1741 1325 1805 εὗ
1372 1765 1472 1806 σοι
1519 1743 1784 1826 γένηται,
1813 1743 1923 1806 καὶ
1957 1742 2365 1826 πολυήμερος

317 1848 483 1932 γένη·
520 1888 602 1894 -

496 1957 604 2019 Vs.
654 1958 738 2020 86
785 1958 969 2039 juxta
1013 1956 1271 2021 Deuter.
1330 1959 1376 2039 I,
1430 1960 1509 2021 13
1543 1996 1626 2003 -—
1660 1956 1802 2022 ὄότε
1846 1959 2090 2029 ἑαυτοῖς
2133 1956 2374 2038 ἄνδρας

317 2063 563 2146 σοφοὺς
606 2064 715 2128 καὶ
759 2065 1179 2147 ἐπιστήμονας
1222 2066 1332 2129 καὶ
1362 2065 1658 2137 συνετοὺς
1687 2068 1773 2137 είς
1801 2051 1910 2137 τὰς
1939 2064 2143 2148 φυλὰς
2181 2065 2368 2145 ὑμῶν

317 2209 400 2216 -—
437 2175 501 2235 et
547 2171 767 2235 Esram
814 2172 956 2253 VII,
1006 2173 1124 2235 25:
1162 2211 1243 2218 —
1292 2173 1402 2237 καὶ
1447 2173 1542 2245 σὺ,
1581 2172 1796 2255 Ἐσρα,
1838 2173 1932 2245 ὡς
1961 2175 2000 2256 ἡ
2034 2173 2226 2254 σοφία
2256 2178 2367 2235 τοῦ

323 2277 494 2344 Θεοῦ
538 2280 606 2343 ἐν
634 2279 796 2362 χειρί
819 2302 955 2353 σου,
1001 2280 1393 2364 κατάστησον
1440 2287 1827 2365 γραμματεῖς
1857 2279 1966 2345 καὶ
1994 2279 2226 2366 κριτάς,
2268 2281 2368 2343 ἵνα

317 2384 437 2450 ὦσι
482 2388 799 2467 κρίνοντες
841 2388 1026 2451 παντὶ
1069 2395 1162 2470 τῷ
1206 2389 1346 2471 λαῷ
1390 2390 1457 2452 ἐν
1503 2390 1665 2471 πέρα
1712 2394 1825 2453 τοῦ
1870 2393 2165 2471 ποταμοῦ
2219 2393 2371 2451 πᾶσι

315 2500 442 2565 τοῖς
487 2494 680 2558 εἶόόσι
725 2493 929 2577 νόμον
973 2502 1084 2559 τοῦ
1130 2497 1291 2559 θεοῦ
1338 2519 1456 2559 σου
1502 2496 1612 2560 καὶ
1656 2503 1749 2578 τῷ
1806 2495 1897 2579 μὴ
1961 2495 2146 2560 εἰδότι
2207 2519 2369 2578 γνω-

324 2608 516 2684 ριεῖτε.
553 2642 634 2649 -

496 2710 637 2774 VSS.
688 2710 889 2772 91-94
936 2712 1120 2793 Juxta
1165 2711 1403 2774 Sirach.
1452 2712 1562 2792 VI,
1614 2713 1695 2775 10
1731 2750 1812 2757 —
1847 2711 1956 2775 καὶ
2016 2711 2138 2774 ἔστι
2191 2711 2373 2793 φίλος

315 2815 629 2887 κοινωνὸς
658 2819 1009 2899 τραπεζῶν,
1039 2817 1149 2881 καὶ
1176 2818 1537 2900 παραμείνῃ
1570 2819 1638 2880 ἐν
1667 2818 1876 2900 ἡμέρᾳ
1907 2818 2195 2899 θλιψεώς
2226 2841 2361 2880 σου.

496 2925 637 2988 VSS.
688 2926 788 3000 95,
840 2926 877 2988 6
912 2963 995 2970 -
1028 2924 1168 3006 λαῷ·
1210 2924 1300 3007 μὴ
1346 2926 1607 2989 πίστευε·
1652 2924 2055 3006 πολύτροπός
2098 2925 2258 2989 ἔστιν
2303 2924 2368 2987 ὅ·

315 3034 498 3116 μιλος
525 3034 570 3112 1)
615 3031 770 3102 λαός
808 3031 948 3114 (τοι)
1004 3032 1113 3096 καὶ
1157 3032 1339 3113 ῦόωρ
1391 3033 1781 3116 ἀκατάσχετα
1838 3033 2057 3097 πάντα.
2110 3071 2191 3078 -
2239 3052 2367 3095 non

317 3140 640 3203 absimiles
684 3139 999 3222 judicabis
1045 3139 1464 3222 sequentibus
1497 3140 1710 3203 verbis
1740 3141 1946 3222 (Prov.
1981 3139 2199 3220 XXX,
2237 3141 2367 3217 16):

320 3286 403 3293 —-
443 3247 534 3330 Τῇ
577 3247 804 3330 βόέλλῃ
852 3254 1012 3329 τρεῖς
1057 3248 1402 3330 θυγατέρες
1446 3247 1611 3331 ἦσαν
1656 3249 1966 3331 ἀγαπήσει
2027 3249 2370 3331 ἀγαπώμε-

323 3379 442 3429 ναι,
491 3353 600 3418 καὶ
644 3356 712 3418 αἱ
753 3361 913 3436 τρεῖς
958 3352 1139 3418 αὗται
1186 3354 1305 3418 οὐκ
1352 3356 1849 3438 ἀναπίμπλασαν
1894 3355 2107 3439 αὐτὴν,
2160 3355 2270 3419 καὶ
2329 3357 2368 3438 ἡ

324 3460 574 3543 τετάρτη
624 3441 744 3524 οῦκ
791 3460 1079 3543 ἠρκέσθη
1127 3462 1332 3524 εἰπεῖν·
1386 3459 1639 3525 Ικανόν.
1662 3461 1892 3544 Ἅιδης,
1924 3461 2033 3525 καὶ
2062 3462 2229 3543 ἔρως
2259 3485 2369 3543 γυ-

490 3731 531 3797 ¹)
569 3727 757 3785 Codex
795 3728 1177 3782 miscellaneus
1203 3729 1242 3783 J
1245 3729 1558 3781 anninanus
1584 3728 1874 3783 lectionem
1906 3752 1928 3778 ι
1972 3732 2320 3801 ἀρ’ῥενόφρων
2351 3754 2372 3778 »

311 3819 565 3884 exhibet3
605 3821 794 3889 (quam
833 3834 1022 3872 vocem
1058 3835 1127 3871 ne
1165 3818 1221 3870 in
1257 3817 1543 3871 Thesauro
1579 3816 1801 3888 quidem
1843 3819 2072 3872 Henrici
2112 3819 2378 3889 Stephani

312 3907 550 3973 invenio)
587 3907 687 3960 cfr.
725 3907 782 3959 in
820 3922 1069 3960 sermone
1104 3922 1300 3975 graeco
1348 3911 1667 3960 nostrorum
1717 3912 2029 3978 temporum
2076 3907 2379 3961 locutiones

315 4018 336 4043 «
367 3997 609 4066 ἀρσενικὰ
644 3998 803 4067 μιαλό
832 4019 854 4044 »
902 4019 923 4044 α
955 3996 1199 4066 ἀρσενικὰ
1235 3997 1427 4066 κεφάλι
1460 4018 1508 4050 ».
