2961 4616
1447 319 1512 325 -
1554 286 1623 341 46
1666 318 1731 325 .-

560 397 892 481 persuasit,
939 401 1012 459 ut
1057 397 1115 460 ei
1165 415 1358 479 opera
1402 415 1521 459 sua
1564 397 1769 479 pretio
1820 394 2185 477 venderent,
2233 394 2470 477 quibus
2513 414 2622 458 ve-

562 509 768 568 terum
844 506 1227 588 scriptorum
1310 505 1572 567 nomina
1635 505 2100 587 imposuissent.
2168 502 2352 579 Quod
2412 505 2620 566 serius

558 611 751 675 Iubas
799 631 1072 694 quoque,
1119 609 1461 675 Numidiae
1510 631 1585 675 ac
1638 610 2059 674 Mauritaniae
2116 610 2491 693 Tingitanae
2555 614 2621 673 et

560 718 989 784 Caesariensis
1017 738 1152 800 rex,
1198 720 1538 801 praestitit:
1575 720 1687 801 qui
1719 719 1955 802 scripta
1984 718 2413 801 pythagorica,
2452 736 2617 800 quae

559 827 842 909 genuina
864 827 1143 910 putabat,
1170 846 1399 910 magna
1423 846 1579 890 cura
1609 826 1890 909 collegit:
1924 831 2115 909 atque
2145 824 2354 888 David
2383 824 2614 908 (Schol.

562 935 630 995 in
675 934 933 996 Aristot.
983 934 1111 1014 28⁸,
1165 935 1243 996 13
1293 934 1491 1015 seqq.)
1536 934 1733 997 refert
1775 932 2119 996 nonnullos
2175 932 2617 1014 compilatores

560 1040 962 1123 supposititia
991 1041 1195 1123 pretio
1230 1039 1557 1103 venditare
1591 1044 1850 1103 conatos
1884 1059 2040 1104 esse.
2079 1039 2617 1122 Apocryphorum

560 1152 695 1209 tum
742 1148 1021 1210 maxime
1067 1145 1339 1211 florebat
1384 1151 1573 1210 aetas.

644 1283 648 1287 ⁴
739 1254 1006 1319 Saeculo
1052 1256 1257 1338 primo
1304 1274 1355 1317 a.
1406 1254 1517 1318 Ch.
1566 1277 1625 1319 n.
1673 1255 2215 1339 neopythagorica
2258 1254 2477 1317 schola
2522 1255 2614 1316 vi-

559 1380 710 1444 gere
758 1361 982 1443 coepit,
1031 1379 1211 1443 quae,
1259 1361 1568 1443 religione
1617 1365 1680 1425 et
1724 1362 2098 1425 auctoritate
2129 1361 2377 1442 antiqui
2409 1360 2613 1443 philo-

563 1468 742 1551 sophi
791 1468 1031 1549 innixa,
1085 1487 1337 1530 morum
1396 1472 1749 1551 praecepta,
1812 1490 1850 1531 a
1909 1468 2190 1550 Platone,
2254 1467 2613 1549 Aristotele,

562 1576 791 1640 Stoicis
838 1576 1223 1658 deprompta,
1271 1594 1494 1638 severa
1540 1595 1615 1639 ac
1678 1577 1899 1659 paucis
1957 1575 2255 1659 expedita
2309 1575 2610 1638 tradebat.

562 1681 928 1745 Verisimile
975 1688 1071 1745 est
1139 1683 1304 1745 hanc
1365 1682 1832 1765 philosophiam
1892 1684 2094 1745 initiis
2152 1683 2342 1765 primi
2405 1702 2443 1744 a
2505 1680 2613 1745 Ch.

562 1787 803 1851 saeculi
848 1787 1278 1851 Alexandriae
1324 1789 1715 1871 principium
1761 1771 2076 1852 habuisse.
2122 1789 2257 1871 (cfr.
2290 1788 2499 1852 Zeller
2529 1826 2611 1833 —

564 1894 725 1957 Phil.
774 1893 830 1956 d.
881 1893 1199 1957 Griechen
1247 1932 1330 1939 —
1378 1914 1436 1976 p.
1489 1895 1571 1956 98
1620 1894 1919 1957 Susemill
1967 1932 2050 1938 —
2085 1893 2334 1957 Griech.
2367 1894 2513 1956 Litt.
2546 1895 2614 1956 in

566 2000 681 2063 der
722 1999 908 2063 Alex.
957 1999 1097 2063 Zeit
1139 2000 1187 2063 I.
1234 2000 1316 2082 ΙΙ,
1366 2001 1534 2082 332).

742 2105 918 2183 Quae
979 2111 1286 2190 perpetuo
1342 2108 1647 2171 inclaruit
1705 2108 2042 2191 splendore
2105 2107 2355 2172 duobus
2421 2110 2613 2172 etiam

564 2214 982 2298 sequentibus
1029 2215 1318 2297 saecuIiS,
1352 2215 1558 2279 donec
1590 2217 2051 2299 neoplatonicis
2084 2217 2440 2300 disciplinis
2470 2236 2612 2300 per-

564 2327 765 2388 mixta
812 2329 922 2388 est
970 2325 1256 2388 Plurima
1300 2325 1380 2388 ad
1425 2325 1600 2389 illam
1648 2328 1897 2409 scripta,
1946 2327 2065 2389 sub
2113 2327 2321 2390 alieno
2354 2327 2612 2400 nomine

564 2433 749 2515 edita,
797 2435 1133 2516 pertinent,
1175 2439 1247 2496 ut
1276 2433 1345 2496 τὸ
1398 2459 1426 2490 <<
1461 2433 1623 2517 ῙΙερὶ
1662 2440 1875 2517 ψυχᾶς
1915 2434 2147 2517 κόσμω
2178 2434 2288 2499 καὶ
2320 2434 2550 2515 φύσιος
2579 2460 2606 2491 >>

501 2541 511 2550 '
564 2542 754 2604 cuius
801 2547 1023 2604 auctor
1065 2541 1359 2604 Timaeus
1405 2540 1743 2605 Locrensis
1809 2542 2215 2624 perhibetur3
2262 2541 2333 2604 τό
2389 2566 2418 2598 <<
2451 2539 2614 2624 Περὶ

563 2652 675 2710 τοῦ
720 2646 954 2717 παντὸς
998 2647 1225 2729 φύσιος
1255 2672 1283 2703 >>
1338 2646 1510 2727 quod
1558 2667 1717 2730 opus
1778 2646 1999 2711 Okello
2055 2648 2316 2711 Lucano
2379 2648 2613 2711 adscri-

565 2754 753 2835 bitur,
801 2759 991 2836 atque
1036 2754 1239 2817 multa
1284 2754 1408 2817 alia
1450 2754 1611 2817 falso
1659 2755 1896 2819 tributa
1949 2755 2279 2837 Brontino,
2341 2755 2611 2837 TheanO,

566 2863 806 2925 Aresae
854 2866 917 2925 et
962 2861 1136 2941 aliis3
1167 2864 1509 2945 praecipue
1541 2883 1692 2926 vero
1743 2883 1818 2927 ea
1863 2864 2125 2927 moralia
2168 2865 2403 2946 scripta
2450 2883 2612 2946 quae

564 2967 967 3051 Hippodami,
1005 2962 1375 3052 Hipparchi,
1407 2969 1865 3052 Callicratidae,
1898 2970 2039 3034 Poli
2070 2971 2334 3052 Lucani,
2367 2969 2609 3051 DioniS,

567 3076 853 3139 Brisonis
900 3082 964 3140 et
1008 3078 1278 3141 aliorum
1322 3080 1581 3142 nomine
1642 3079 1722 3141 ad
1786 3099 1902 3142 nos
1965 3084 2429 3162 pervenerunt3
2495 3099 2615 3142 nec

565 3205 696 3248 non
744 3204 999 3249 carmen
1047 3187 1215 3280 quod
1271 3212 1298 3245 «
1329 3185 1566 3270 Χρυσᾶ
1594 3189 1712 3272 ἔπη
1747 3213 1774 3245 >>
1820 3189 1862 3268 1)
1891 3188 2276 3268 inscribitur,
2308 3187 2468 3250 falso
2500 3207 2612 3249 an..

568 3294 729 3375 tiqui
775 3294 1175 3377 Pythagorae
1221 3295 1466 3357 nomini
1514 3295 1855 3359 addictum.
1908 3296 1995 3360 Τὰ
2042 3295 2279 3379 Χρυρᾶ
2322 3297 2440 3379 ἔπη
2483 3315 2606 3359 non

566 3404 780 3465 minus
827 3422 1019 3484 quam
1064 3401 1704 3485 Pseudophocylidea
1750 3424 1826 3467 ea
1848 3403 2244 3487 supplebant,
2280 3422 2443 3486 quae
2474 3404 2613 3486 phi-

741 3585 781 3653 1)
823 3607 846 3631 «
875 3583 923 3636 Il
962 3583 1105 3637 n’est
1139 3600 1239 3653 pas
1278 3582 1528 3637 douteux
1554 3584 1761 3653 qu’une
1785 3585 1962 3655 partie
2000 3582 2069 3638 de
2105 3601 2193 3639 ces
2231 3585 2513 3655 preceptes
2537 3602 2608 3639 ne

574 3673 752 3727 soient
787 3674 1026 3740 ancienS,
1064 3675 1242 3728 meme
1277 3678 1454 3745 quant
1482 3674 1517 3728 a
1539 3674 1595 3727 la
1620 3675 1811 3728 forme.
1838 3675 1983 3729 Mais
2022 3676 2061 3728 il
2098 3694 2135 3745 y
2172 3692 2206 3729 a
2244 3680 2369 3730 tout
2405 3675 2515 3728 lieu
2539 3673 2610 3729 de

560 3764 732 3817 croire
766 3763 860 3834 qu'
872 3764 940 3817 ils
978 3768 1077 3817 ont
1113 3764 1200 3818 ete
1237 3765 1457 3834 grossis,
1498 3766 1773 3834 arrange&
1814 3766 2113 3836 completes
2152 3783 2272 3820 vers
2324 3766 2378 3820 le
2429 3770 2606 3835 temps

573 3852 646 3906 οὐ
696 3869 754 3906 se
791 3852 1117 3906 constituait
1151 3852 1203 3907 le
1226 3853 1747 3924 neopythagorisme
1772 3854 1946 3922 (Hist.
1986 3854 2041 3908 d.
2080 3855 2116 3909 1.
2156 3855 2292 3921 Litt,
2329 3870 2509 3925 grecq.
2546 3853 2618 3908 V.

574 3943 646 3998 V.
684 3942 792 3995 410
829 3942 1080 4011 Oroiset.)
