2961 4616
1506 291 1776 347 -30-

614 402 924 486 ἐνεόρεύει
956 422 969 436 ·
996 401 1290 486 Πρόσεχε
1320 401 1450 466 ἀπὸ
1480 403 1874 486 κακούργου,
1919 404 2173 489 πονηρὰ
2205 404 2326 488 γὰρ
2357 404 2669 478 τεκταίνει,

613 510 859 592 μήποτε
901 514 1139 592 μῶμον
1183 511 1269 580 εἷς
1305 508 1414 573 τὸν
1458 511 1661 573 αἰῶνα
1695 509 1795 592 ὀῷ
1825 533 1941 575 σοι.
1963 509 2313 575 Ἐνοίκισον
2343 508 2669 593 ἀλλότριον

613 617 724 680 καὶ
768 616 1127 699 ὀιαστρέψει
1170 640 1239 680 σε
1285 615 1352 680 ὲν
1395 623 1716 700 ταραχαῖς,
1763 617 1872 681 καὶ
1899 618 2392 701 ἀπαλλοτριώσει
2424 641 2494 682 σε
2540 624 2671 681 τῶν

613 721 792 785 ι’ὀίων
837 744 955 785 σου
989 758 1090 803 -—,
1124 740 1288 803 quae
1335 721 1531 784 verba
1573 726 1830 804 propter
1875 742 2002 803 quo
2035 722 2280 805 digesta
2316 730 2469 785 sunt
2507 722 2675 785 ordi-

613 845 763 889 nem
808 826 993 889 nobis
1037 825 1324 908 suadent,
1374 834 1445 889 ut
1492 846 1748 890 versum
1785 829 1909 889 145
1942 847 2090 890 eum
2124 827 2373 890 duobus
2413 847 2676 911 praeee-

615 932 915 995 dentibus
961 934 1442 1016 eonjungamuS,
1492 952 1685 1015 quem
1727 934 1888 996 falso
1935 934 2225 1016 Bernays
2274 936 2486 998 ve1sui
2537 935 2672 997 '139

615 1041 913 1120 annectit,
945 1041 1370 1122 interpretans
1403 1048 1474 1103 ut
1503 1039 2000 1124 prohibitionem
2030 1043 2239 1105 earnis
2276 1042 2676 1105 locutionem

618 1184 700 1192 —-
738 1152 867 1211 τῶν
910 1147 1221 1231 λωβητῶν
1265 1147 1613 1230 ἀπέχεσθαι
1647 1171 1757 1227 -;
1810 1148 1920 1211 ubi
1968 1148 2048 1212 de
2093 1168 2343 1212 morum
2399 1149 2674 1231 turpitu-

617 1255 766 1318 dine
812 1274 1019 1318 sermo
1052 1257 1344 1319 occurrit
1378 1294 1459 1301 —
1495 1257 1769 1319 Versum
1805 1258 1929 1319 149
1964 1257 2075 1321 cfr.
2110 1277 2258 1320 eum
2291 1257 2439 1321 LeV.
2487 1256 2674 1338 XIX,
2763 1286 2770 1291 ·
2901 1208 2902 1265 ἰ

618 1366 702 1427 26
751 1413 928 1428 ......
961 1366 1082 1428 οὐκ
1122 1365 1468 1438 οἰωνεῖσθε,
1499 1366 1650 1429 οὗόὲ
1680 1365 2316 1449 ὀρνιθοσκοπήσεσθε
2350 1402 2452 1447 —,
2486 1373 2551 1428 et
2584 1368 2665 1428 31

619 1508 701 1516 -—
743 1470 880 1535 Οὐκ
927 1472 1490 1555 ἐπακολουθήσητε
1535 1473 2059 1555 ἐγγαστριμύθοις
2111 1473 2220 1536 καὶ
2274 1479 2401 1543 τοῖς
2460 1473 2673 1535 ἐπαοι-

617 1580 756 1650 δαῖς
814 1580 892 1643 οὗ
950 1578 1616 1662 προςκολληθήσεσθε,
1678 1580 2099 1663 έκμιανθῆναι
2143 1581 2210 1643 ἐν
2254 1580 2465 1650 αὐτοῖς
2486 1629 2674 1642 ......

618 1725 701 1732 ——
736 1707 855 1752 vss,
907 1688 1167 1768 164-70,
1216 1688 1328 1770 qui
1372 1689 1572 1770 pigris
1605 1688 1973 1770 exemplum
2003 1688 2309 1751 formicae
2349 1687 2674 1770 praebent,

617 1816 653 1857 a
697 1795 803 1857 lib.
852 1795 1034 1858 Prov.
1086 1795 1192 1875 VI,
1242 1796 1280 1856 6
1328 1793 1597 1857 derivati
1643 1802 1825 1857 sunt:
1863 1833 1945 1839 ——
1968 1795 2104 1858 Ἴθι
2147 1794 2313 1878 πρὸς
2356 1794 2464 1858 τὸν
2507 1796 2672 1876 μύρ-

615 1926 813 1985 μηκα,
845 1899 904 1964 ὦ
950 1901 1202 1984 ὀκνηρέ,
1233 1901 1343 1964 καὶ
1374 1901 1664 1984 ζήλωσον
1710 1901 1869 1965 ἰδὼν
1912 1901 2021 1972 τὰς
2066 1901 2260 1972 ὁόοὺς
2305 1901 2517 1973 αὐτοῦ,
2565 1901 2675 1964 καὶ

624 2011 811 2091 γένου
837 2008 1078 2072 ἐκείνου
1126 2009 1513 2091 σοφώτερος.
1554 2006 1817 2091 Ἑκείνῳ
1848 2007 1969 2091 γὰρ
2003 2010 2314 2089 γεωργίου
2344 2007 2436 2090 μὴ
2468 2007 2670 2089 ὑπάρ-

620 2139 862 2199 χοντος,
908 2115 1075 2198 μηόὲ
1118 2114 1226 2177 τὸν
1271 2115 1711 2197 ἀναγκάζοντα
1759 2117 1946 2198 ἔχων,
1990 2115 2157 2198 μηδὲ
2200 2114 2329 2178 ὑπὸ
2362 2113 2674 2197 ὄεσπότην

619 2225 715 2286 ὢν
742 2223 1125 2305 ἕτοιμάζεται
1154 2223 1392 2304 θέρους
1420 2222 1534 2305 τὴν
1562 2225 1825 2306 τροφήν,
1856 2223 2097 2305 πολλήν
2126 2247 2190 2286 τε
2220 2223 2286 2286 ἒν
2315 2229 2408 2305 τῷ
2449 2223 2676 2304 ἀμητῷ

619 2332 690 2396 ὀὲ
733 2337 991 2395 ποιεῖται
1020 2331 1131 2414 τὴν
1175 2332 1548 2413 παράθεσιν.
1589 2334 1627 2413 ἢ
1659 2332 2008 2414 πορεύθητι
2036 2330 2237 2413 (labor
2267 2332 2402 2413 apis
2436 2330 2673 2394 descri—

621 2438 792 2500 bitur
836 2439 1021 2500 euius
1075 2437 1513 2500 assiduitatem
1567 2437 1926 2519 Pseudoph.
1987 2437 2203 2499 laudat
2262 2456 2382 2499 vss
2451 2438 2673 2516 171-4)

615 2545 780 2629 πρὸς
825 2546 936 2629 τὴν
979 2546 1296 2627 μέλισσαν,
1340 2548 1452 2609 καὶ
1496 2546 1671 2628 μάθε
1716 2546 1811 2616 ὥς
1854 2546 2096 2628 ἐργάτις
2140 2546 2281 2618 ἔστί,
2326 2546 2438 2628 τήν
2467 2569 2531 2607 τε
2573 2546 2673 2627 έρ-

619 2654 842 2735 γασίαν
886 2653 980 2722 ὡς
1025 2651 1263 2735 σεμνὴν
1305 2659 1582 2715 ποιεῖται.
1630 2650 1707 2735 ἧς
1752 2652 1895 2722 τοὺς
1956 2652 2197 2723 πόνους
2251 2652 2523 2735 βασιλεῖς
2567 2651 2675 2715 καὶ

618 2759 857 2823 ἰδιῶται
898 2759 1064 2841 πρὸς
1106 2760 1341 2841 ὑγίειαν
1383 2761 1864 2843 προςφέρονται.
1909 2759 2177 2842 ποθεινὴ
2227 2760 2299 2823 ὄέ
2342 2760 2463 2823 ἔστι
2519 2764 2674 2822 πᾶσι

618 2867 727 2929 καὶ
771 2867 1081 2944 ἕπίὸοξος,
1129 2867 1357 2949 καίπερ
1405 2865 1567 2931 οὖσα
1614 2873 1690 2950 τῇ
1733 2867 1925 2949 ῥώμῃ
1973 2866 2250 2949 ἀσθενὴς
2293 2865 2404 2948 τὴν
2441 2866 2674 2949 σοφίαν

616 2975 927 3057 τιμήσασα
971 2975 1276 3057 προήχθη
1333 2996 1451 3053 -;
1503 2974 1614 3036 cfr.
1662 2975 1855 3037 etiam
1901 2973 2137 3037 Siraeh.
2184 2994 2235 3036 ο.
2291 2973 2407 3055 XI,
2464 2975 2538 3036 3:
2590 3010 2673 3016 ——

616 3080 816 3163 μικρά
875 3081 943 3144 ἒν
1002 3086 1298 3150 πετεινοῖς
1355 3079 1634 3162 μέλισσα,
1703 3080 1812 3143 καὶ
1879 3079 2043 3162 ἀρχὴ
2107 3079 2569 3162 γλυκασμάτων
2638 3078 2675 3140 ὁ

616 3187 867 3270 καρπὸς
911 3189 1102 3270 αὐτῆς
1133 3224 1235 3268 —-,
1263 3206 1386 3250 nee
1431 3206 1563 3249 non
1610 3188 1793 3250 P1·ov.
1840 3186 2060 3267 XXX,
2109 3188 2226 3249 25:
2279 3224 2360 3231 —
2407 3187 2470 3249 οἱ
2509 3186 2672 3269 μύρ-

616 3319 820 3379 μηκες
880 3295 973 3365 οἷς
1031 3297 1122 3378 μή
1184 3296 1343 3359 ἔστιν
1401 3297 1596 3378 ἰσχύς,
1642 3295 1751 3359 καὶ
1810 3297 2238 3378 ἑτοιμάζονται
2281 3296 2521 3378 θέρους
2563 3296 2674 3376 τὴν

616 3405 862 3487 τροφήν
938 3440 1021 3447 --
1103 3402 1332 3486 (φῦλον
1392 3403 1444 3464 δ’
1491 3402 1701 3485 ὀλίγον
1768 3403 2001 3467 τελέθει
2077 3403 2500 3486 πολύμοχθον
2585 3421 2671 3463 vs,

621 3513 785 3592 170).
836 3511 942 3573 Vs,
995 3511 1118 3573 179
1169 3529 1206 3571 a
1252 3509 1400 3573 LeV.
1430 3509 1658 3572 XVIII
1694 3509 2048 3573 derivatur:
2085 3508 2671 3594 -Ἀσχημοσύνην

615 3617 921 3701 γυναικὸς.
956 3617 1197 3700 πατρός
1242 3641 1360 3682 σου
1407 3617 1528 3680 οὐκ
1582 3618 2037 3700 ἀποκαλύψεις·
2099 3619 2308 3702 μήτηρ
2369 3619 2491 3701 γάρ
2554 3640 2671 3681 σου

548 3749 553 3754 ·
616 3728 790 3807 ἐστιν,
839 3726 960 3790 οὐκ
1007 3727 1442 3808 ἀποκαλύψεις
1496 3726 1608 3809 τὴν
1662 3728 2116 3810 ἀσχημοσύνην
2178 3729 2369 3810 αὐτῆς
2424 3748 2546 3805 -;
2612 3730 2676 3788 et

616 3833 803 3898 Deut.
849 3834 1067 3917 XXII,
1115 3836 1238 3897 30:
1276 3872 1358 3881 —-
1399 3832 1496 3899 Οὔ
1540 3835 1813 3918 λήψηται
1858 3834 2212 3917 ἄνθρωπος
2254 3833 2366 3916 τὴν
2405 3841 2672 3918 γυναῖκα

620 3950 731 4008 τοῦ
774 3945 1015 4028 πατρὸς
1059 3948 1272 4018 αὐτοῦ,
1318 3949 1427 4012 καὶ
1472 3948 1593 4011 οὐκ
1646 3947 2047 4028 ἀποκαλύψει
2094 3947 2518 4031 συγκάλυμμα
2559 3952 2670 4009 τοῦ

2889 0 2897 157 i
